2646 4136
215 305 259 369 32
477 327 481 334 ·
655 299 787 359 HYGINI

213 473 337 551 torum,
365 466 505 551 singulis
528 464 586 530 LX
608 464 722 552 pedes,
753 463 1010 549 adsignabimus.
1064 466 1116 532 37.
1139 464 1243 533 Nune

214 558 244 621 si
267 556 385 622 dantur
407 554 497 619 mille
518 554 667 619 homines
695 575 791 638 super
813 575 983 620 numerum
1006 555 1240 640 compositum,

214 646 249 709 in
282 643 394 711 eadem
425 643 585 728 pedatura
620 644 710 708 loeus
742 642 946 728 adsignatum
988 644 1036 709 aio
1066 643 1239 709 faciemus.

215 733 376 810 Quoniam
400 732 506 818 partis
528 731 683 797 dimidiae
705 730 736 796 D
760 752 831 796 asse
854 736 997 816 constat,
1022 753 1104 816 quos
1126 733 1240 817 cupiet

186 820 464 906 fisemistrigium
496 821 691 888 deduoamus
723 821 865 887 scamnis
896 819 995 904 pedes
1022 820 1054 885 X
1084 821 1239 886 etaiam

214 911 300 976 inter
323 910 393 977 alas
415 909 582 994 tollamus,
605 931 688 994 quae
710 912 788 974 tuno
810 908 916 994 datur,
939 909 1143 996 sipedatura
1161 931 1238 994 per·

214 1000 337 1083 mittet3
365 999 449 1063 fiunt
470 998 570 1082 pedes
592 995 699 1062 XXX:
727 998 791 1062 erit
813 998 1063 1083 semistrigium,
1090 999 1177 1084 quod
1204 997 1238 1063 D

214 1088 363 1154 homines
393 1090 510 1171 postea
536 1089 686 1171 aoosptos
713 1086 855 1171 recipiet
913 1087 966 1152 38.
995 1086 1092 1152 Nune
1117 1109 1136 1152 e
1159 1108 1237 1152 uon-

120 1197 205 1263 tata„
215 1177 317 1242 trario
341 1175 495 1241 similiter
513 1177 518 1256 1
537 1175 681 1240 numeris
703 1175 896 1259 compositis
914 1174 1110 1278 deducamus
1127 1176 1237 1242 homi·

173 1261 1006 1438 mm

212 1441 312 1527 pedes
334 1439 424 1504 LXX
446 1445 481 1506 et
502 1441 590 1506 viam
613 1441 699 1506 inter
721 1441 791 1506 alae
814 1460 1018 1526 reponemus.

302 1529 355 1595 39.
387 1530 471 1596 Item
493 1527 590 1596 lateri
617 1530 776 1615 praetorii
799 1533 832 1594 et
853 1532 1039 1596 retenturae
1067 1530 1236 1612 similiter,

214 1619 242 1684 si
265 1639 329 1704 quo
352 1618 426 1704 plus
453 1619 506 1684 vel
528 1619 635 1683 minus
659 1619 772 1702 fuerit,
798 1619 885 1683 idem
907 1619 1168 1702 observabimus,
1196 1624 1238 1684 ut

173 1724 200 1766 1⁵
213 1707 415 1793 praetorium
438 1712 471 1773 et
493 1707 650 1774 uomitum
672 1707 878 1792 pedaturam,
907 1707 988 1772 item
1011 1709 1236 1792 quaestorium

213 1797 398 1862 minuamus
425 1795 477 1862 vel
508 1796 700 1880 ampliamus
729 1796 866 1862 servatis
893 1796 1100 1883 portionibus
1122 1796 1237 1862 latitu-

214 1885 308 1952 dinis.
344 1884 427 1950 Viae
451 1888 560 1952 autem
584 1885 698 1950 abesse
725 1888 893 1969 potarumt,
920 1885 949 1949 si
975 1885 1133 1969 pedatura
1158 1886 1236 1950 stn'·

213 1975 297 2039 otior
319 1971 427 2058 fuerit,
448 1973 535 2038 inter
558 1972 709 2038 eohortes
731 1974 912 2058 praetorias
936 1976 969 2038 et
988 1973 1059 2038 alas
1078 1974 1236 2059 equiturn,

214 2063 289 2127 ideo
313 2061 399 2146 quod
422 2061 593 2147 disciplina
614 2061 752 2127 militari
780 2062 821 2128 ad
849 2083 943 2128 suum
967 2062 1111 2150 quisque
1124 2083 1236 2127 nume·

116 2148 1235 2325 utumtuutuutsuituntuutflu·

262 2286 269 2302 a
584 2289 593 2324 p
1222 2275 1235 2288 ⁰

213 2327 310 2393 nibus
338 2347 398 2412 per
425 2327 546 2414 strigae
580 2328 726 2394 strictius
759 2349 817 2394 seu
844 2328 951 2393 laxius
977 2327 1124 2413 tendere,
1155 2350 1235 2413 quo·
1320 2345 1322 2414 j

211 2416 302 2482 niam
330 2438 427 2501 saepo
453 2438 605 2484 numeros
634 2418 744 2482 evenit
775 2417 983 2501 commutari,
1009 2421 1143 2482 tensura
1165 2438 1234 2482 am·

211 2505 301 2589 plius
335 2504 491 2589 efficiant,
523 2527 620 2591 quam
653 2506 777 2590 strigae
808 2506 843 2572 in
875 2506 1011 2571 eandem
1038 2505 1233 2591 pedaturam
1320 2559 1321 2602 3

214 2766 355 2839 1singnli
372 2767 422 2824 LX
439 2766 574 2824 curr.Sot
636 2765 849 2838 adsignavimus
912 2766 1072 2824 adiutator
1089 2767 1168 2823 mille
1181 2768 1234 2824 ho·

212 2839 303 2896 mines
367 2845 384 2895 3
399 2838 430 2894 in
447 2837 566 2892 eandem
583 2837 750 2910 pedaturam
804 2839 930 2920 apartes
949 2837 1083 2894 dimidiae
1101 2839 1234 2896 cosuScb

249 2909 374 2981 tuapite
389 2907 542 2964 emistrioio
598 2910 659 2966 bet
672 2907 856 2964 deinterbalrs
876 2909 1009 2966 comficb
1064 2909 1233 2966 taemirtri.
1319 2931 1320 2938 κ

213 2981 288 3036 oium
343 2986 377 3035 10
390 2979 519 3036 homines
539 2995 572 3036 00
641 2979 748 3050 strigea
766 2979 899 3038 corsua
949 2987 980 3036 11
997 2995 1142 3036 scamnum
1154 2981 1233 3052 lega

211 3054 313 3106 torum
353 3057 386 3106 12
402 3054 431 3107 et
445 3049 492 3106 via
505 3051 581 3105 inter
594 3050 665 3106 alias
683 3052 844 3121 reponimus
862 3051 1009 3109 aorr.Scb.'
1042 3058 1075 3107 15
1090 3052 1233 3121 quaestori
1318 3099 1319 3124 3

210 3136 368 3231 manemus
424 3182 475 3258 ‚16
493 3175 615 3259 amplius
633 3175 765 3259 corrpiet
823 3180 856 3230 1¹1
872 3192 938 3232 auae
961 3174 1112 3246 (caudet)
1135 3177 1232 3231 autem

190 3248 321 3320 abissus
340 3247 467 3318 poterunt
585 3247 749 3317 msomptuor
772 3263 842 3304 eoru.
862 3245 916 3302 Sub
1033 3251 1066 3302 18
1085 3247 1233 3302 eohortem

211 3317 355 3389 praetoria
373 3318 423 3373 sed
441 3317 515 3373 alias
531 3318 677 3390 aequitum
750 3323 783 3372 19
802 3316 983 3388 diauiplinam
994 3316 1148 3372 militarem
1162 3334 1231 3376 eurr.
1317 3309 1318 3358 ἶ

212 3390 266 3446 Set
337 3390 455 3444 adsum
526 3388 719 3458 abiudico,
742 3390 854 3445 addidit
876 3388 1003 3445 Soia‘at'
1085 3395 1119 3444 21
1139 3389 1234 3444 retan-
1317 3423 1318 3428 κ

211 3466 236 3502 a

211 3515 304 3568 turam
376 3530 544 3584 quemqnam
562 3529 651 3583 genus
669 3510 831 3567 homiuibus
850 3529 919 3570 cora.
938 3513 966 3568 1>
1038 3519 1073 3569 22
1091 3513 1178 3568 tende

211 3591 246 3641 23
264 3601 396 3642 numerus
416 3584 512 3640 evenit
529 3587 683 3655 conputare
696 3586 810 3639 tantm
828 3585 957 3641 eoradda
1016 3590 1053 3640 24
1071 3583 1160 3656 striga

1317 3189 1319 3228 i

1317 3265 1318 3302 i
