2646 4136
226 277 268 344 14
624 275 843 334 Parasino.

226 441 374 526 sequitur
396 462 436 506 ex
460 441 517 523 eis,
540 461 623 524 quae
646 462 746 523 supra
769 439 986 523 exposuimus
1026 439 1165 507 Prorsus
1192 463 1251 508 eo-
1306 505 1307 512 ,

230 531 303 595 dem
326 529 422 595 modo
446 526 500 616 (of.
525 551 550 594 e.
571 526 626 614 16)
650 528 704 593 ala
726 528 867 593 miliaria
889 527 1019 594 XXIIII
1040 533 1165 595 turmas
1190 530 1251 595 ha-

227 619 296 702 bet,
330 618 546 702 quingenario
572 615 660 682 XVI
705 615 867 718 Apparet,
898 616 1116 702 Hyginumc.
1135 619 1250 684 3non

226 669 376 773 aoeirrate
409 707 515 772 dicere
547 705 675 772 cohors
707 706 815 789 prima
846 739 889 752 -
923 706 1079 790 quoniam
1110 707 1249 791 duplum

225 817 396 860 numerum
418 795 520 860 habet
547 794 679 879 duplam
707 793 806 878 pedat
807 815 901 858 uram
928 792 1087 878 accipiet’.
1133 792 1250 880 Spero,

225 905 277 950 me
309 884 427 968 Langii
456 905 597 948 errorem
624 883 798 967 detexisse,
830 904 894 966 quo
918 882 1049 947 sublato
1014 886 1248 948 tnumerum

230 973 395 1057 copiarum
415 973 449 1037 in
467 974 710 1056 praetenturat
695 969 900 1036 tendentium
914 969 1012 1036 VIIII
1030 971 1122 1036 milia
1142 972 1249 1037 effeci·

225 1083 307 1146 mus,
330 1064 461 1127 servata
474 1059 642 1126 Arceriani
662 1059 822 1142 scriptrna
840 1058 894 1124 ad
907 1056 966 1124 Dc
983 1059 1134 1125 homines
1157 1082 1246 1126 com·

224 1149 405 1234 putantur'.

315 1258 341 1302 c.
360 1236 479 1302 50.E
478 1236 795 1318 itcrieapoructt.
775 1235 982 1303 semeleter
998 1241 1249 1322 comportasset

226 1325 364 1404 meum
391 1330 436 1390 est
455 1325 543 1406 fosso
564 1325 608 1390 cd
632 1324 763 1404 murm]
792 1323 905 1410 Lange
933 1325 1065 1408 scripsit
1088 1323 1137 1407 pit
1157 1327 1248 1392 ami·
1309 1306 1310 1384 i

226 1415 296 1480 liter
317 1374 389 1479 urite
406 1419 516 1496 portos
537 1414 581 1478 od
602 1413 740 1496 titolum,
762 1422 798 1477 ut
818 1413 862 1478 od
880 1413 999 1493 fossam
1020 1413 1146 1480 aaran.
1182 1411 1246 1480 Sed

226 1501 338 1567 omisit
323 1502 460 1568 tnobis
488 1501 631 1566 indicare
663 1501 785 1586 locum,
817 1523 880 1586 quo
910 1501 1012 1566 lorica
1044 1501 1247 1585 significaret

225 1591 382 1656 vallum
371 1612 488 1676 ipsum.
534 1589 618 1656 Tum
645 1589 771 1655 inaudit
756 1593 827 1654 tum
850 1590 1043 1655 munitionis
1066 1610 1170 1675 genus
1194 1613 1246 1656 ex·

225 1679 444 1766 cogitavit,t
371 1679 538 1762 ttitulo,
567 1699 648 1763 quae
673 1676 727 1764 (cf.
751 1678 794 1743 49
818 1677 880 1765 ex.)
909 1678 1000 1744 fossa
1020 1700 1079 1762 per
1100 1679 1247 1745 latitudi-

225 1790 302 1833 nem
322 1773 492 1852 portarum
515 1729 612 1832 dueta
577 1770 698 1850 t‚cst
725 1767 907 1832 vallumet
929 1765 1150 1833 defensores
1140 1768 1247 1832 miu'n·
1310 1841 1311 1852 χ

226 1878 315 1943 gens.
360 1856 506 1923 Titulum
534 1855 607 1920 ideo
639 1856 813 1920 instruitur
843 1858 878 1920 et
909 1855 1082 1940 sexaginta
1113 1855 1245 1940 quidem

224 1945 324 2029 pedes
348 1949 423 2010 ante
445 1948 522 2028 port
523 1966 589 2022 am,
611 1947 649 2008 ut
634 1942 778 2009 taditus
802 1943 843 2008 ad
866 1946 943 2027 port
944 1965 997 2008 am
1014 1943 1075 2010 hos
1077 1944 1165 2009 tibus
1185 1945 1247 2010 dif-

224 1968 348 2099 licilior
375 2033 431 2110 sit,
459 2031 604 2097 valloet
627 2031 851 2097 defensoribus
878 2053 946 2098 non
970 2053 1052 2115 opus
1075 2036 1138 2117 est,
1166 2054 1246 2116 quo·
1311 2089 1312 2096 ,

228 2121 319 2186 niam
341 2120 409 2185 tela
432 2141 452 2184 a
473 2120 561 2184 vallo
586 2117 627 2184 ad
650 2119 785 2184 titulum
807 2119 904 2186 facile
927 2119 1063 2206 adigunt
1063 2143 1110 2186 ur.
1152 2120 1246 2197 Quod

226 2230 288 2274 nos
311 2209 447 2274 dicimus
472 2206 574 2272 ‘Fort'
597 2208 650 2273 vel
673 2207 758 2292 quod
782 2208 824 2273 ad
843 2208 992 2274 homines
1015 2210 1158 2292 pertinet
1181 2207 1246 2274 ‘de-

227 2297 384 2363 taehirter
411 2295 544 2363 Posten’
577 2297 765 2380 antiquitati
797 2297 948 2382 ignotum
970 2297 1035 2362 fuit
1057 2297 1097 2362 cf.
1116 2296 1245 2363 Vitruv.

229 2388 257 2469 1,
274 2387 315 2452 15
334 2385 536 2454 ‘collocanda
554 2389 664 2451 autem
683 2385 803 2469 oppida
827 2391 903 2451 sunt
920 2407 987 2451 non
1005 2385 1165 2468 quadrata
1186 2407 1247 2451 nec

225 2475 492 2560 procurrentibus
517 2474 647 2560 angulis
671 2472 749 2542 ...'.

316 2585 343 2627 e.
360 2563 413 2628 51.
441 2583 536 2645 acque
559 2563 661 2645 tepide
681 2562 788 2627 ccctitc'
805 2563 871 2628 uisi
891 2563 1107 2646 coafraposcm
1126 2563 1245 2628 oollam

226 2651 330 2717 ecura
345 2650 462 2734 potest]
495 2650 667 2716 Arcerimi
694 2652 848 2734 copiosam
877 2651 912 2716 in
941 2651 1156 2736 coafroposum
1178 2673 1245 2716 mu-

225 2740 307 2823 tavi,
340 2761 454 2805 sensus
483 2739 569 2804 enim
601 2739 740 2822 requirit
771 2739 965 2805 adiectivum
998 2739 1145 2826 aliquod,
1181 2762 1245 2824 quo

226 2829 305 2895 valli
342 2827 492 2895 soliditas
528 2827 581 2892 vel
618 2828 777 2893 tenacitas
814 2829 1025 2912 vituperetur.
1079 2828 1129 2894 De
1167 2849 1245 2893 voce

227 2915 463 3002 ‘confragosus'
486 2917 558 3000 ipsa
581 2915 620 2980 cf.
635 2914 816 2982 Columella
837 2917 868 2999 2,
883 2917 947 3002 2,8
972 2916 1148 3001 ‘lapidibus
1171 2937 1244 2982 con-

226 3004 390 3088 fragosus'
422 3008 455 3070 et
477 3003 666 3070 Lachmann
693 3006 932 3091 agrimensores
960 3004 1110 3072 Romani.
1156 3002 1244 3071 Satis

225 3094 307 3159 trita
324 3114 388 3158 vox
402 3093 488 3176 apud
507 3092 743 3178 agrimensores
762 3093 864 3159 fuisse
878 3092 1015 3178 videtur,
1034 3098 1121 3160 certe
1138 3093 1243 3160 tribus

226 3183 307 3248 Iocis
330 3181 365 3247 in
389 3181 529 3246 editione
551 3180 817 3249 Lachmanniana
838 3182 964 3268 inveni,
987 3206 1018 3268 p.
1033 3183 1076 3248 24
1099 3181 1244 3248 Frontin

226 3271 283 3336 lib.
301 3271 318 3336 I
341 3269 547 3356 ‘confragosa
569 3271 643 3338 loca
665 3294 729 3356 qua
746 3271 810 3336 iter
828 3271 899 3335 fieri
916 3292 984 3338 non
1002 3269 1134 3356 potest,
1156 3292 1187 3355 p.
1202 3271 1244 3336 32

227 3358 506 3445 ‘confragosorum
520 3360 665 3426 locorum
678 3358 930 3445 iniquitatibus',
944 3383 974 3444 p.
982 3361 1025 3426 33
1036 3360 1121 3426 ‘loca
1130 3381 1245 3444 aspera

227 3451 260 3513 et
279 3448 473 3533 confragosa
492 3449 578 3515 sanir
596 3446 761 3536 (Hyginus
780 3448 820 3513 de
838 3448 969 3515 limitib.
984 3447 1244 3534 constituendis).

316 3559 341 3603 c.
360 3537 413 3604 55.
445 3559 482 3606 ec
503 3558 535 3604 eo
557 3539 670 3619 mie]
693 3538 742 3603 ita
765 3538 903 3623 correxi,
924 3538 1011 3606 hunc
1033 3539 1141 3605 Iocum
1164 3536 1241 3602 rele-
