2646 4136
205 267 249 331 10
603 265 819 322 samsone.

165 429 168 434 ’
204 431 278 495 vide
300 429 391 494 illius
414 429 634 494 temeritatem
658 426 902 514 ‘Subactarius',
930 451 1013 513 quae
1036 451 1099 494 vox
1122 433 1231 496 semel
1319 499 1320 502 ,

204 521 334 583 tantum
356 518 392 582 in
414 518 626 602 inscriptione
649 518 734 601 apud
759 517 886 582 Gruter.
909 518 984 601 648,
1005 519 1025 583 8
1049 518 1231 604 invenitur,

205 627 269 690 quo
293 627 333 670 ex
354 606 436 690 loco,
463 606 540 691 quid
564 607 810 692 significaverit,
839 605 973 670 minime
1001 607 1143 690 perspici
1164 630 1229 692 po-

204 698 280 777 test,
310 694 464 760 audacter
486 695 521 759 in
544 698 671 760 textum
694 695 826 778 recepit.
870 692 955 758 Mihi
978 695 1108 778 quidem
1130 696 1229 762 locus

204 783 398 848 insanabilis
429 783 614 864 videbatur,
650 782 751 849 donec
783 783 818 848 in
846 781 987 868 Vegetio
1019 784 1054 847 in
1086 785 1229 850 verbum

203 873 469 954 monumenti
501 873 631 956 saepius
662 871 838 955 repetitum
864 871 998 936 incurri.
1043 870 1227 958 Quinquies

203 960 262 1025 illo
284 957 443 1045 Vegetius
465 961 582 1025 utitur:
612 959 678 1041 ΠΙ,
702 961 743 1026 18
766 960 826 1025 bis.
858 959 922 1043 ΠΙ,
945 960 989 1024 20
1012 960 1073 1026 bis.
1103 960 1150 1044 II,
1171 963 1228 1046 19,

204 1070 300 1133 quem
318 1049 426 1114 locum
444 1048 640 1124 exscribam:
665 1047 804 1114 ‘accensi
825 1047 889 1113 hoc
909 1052 960 1112 est
977 1052 1092 1132 postea
1111 1049 1227 1135 additi,

204 1159 301 1221 quam
324 1137 442 1202 fuisset
464 1137 552 1220 legio
572 1137 749 1221 completa,
772 1158 853 1221 quos
872 1158 957 1202 nunc
976 1157 1227 1221 supernumera-
1319 1185 1320 1200 t

203 1226 270 1290 rios
293 1223 432 1290 vocant'.
479 1223 653 1310 Confiteor,
675 1226 815 1290 multum
837 1225 872 1288 in
891 1224 1024 1310 Vegetii
1047 1227 1156 1291 verbis
1180 1227 1225 1292 ad

202 1313 471 1397 perspicuitatem
495 1312 685 1396 desiderari,
708 1315 764 1379 sed
786 1335 882 1378 nemo
902 1334 969 1378 non
987 1314 1089 1397 videt,
1112 1337 1226 1399 super-

203 1401 405 1466 numerarios
432 1404 560 1485 partem
583 1402 746 1486 quandam
772 1402 904 1468 illorum
926 1405 1111 1485 temporum
1136 1426 1225 1470 exer·

205 1491 289 1554 citus
312 1489 422 1555 fuisse.
467 1489 513 1555 Et
534 1489 688 1576 Hyginus
715 1513 783 1558 non
809 1492 858 1556 ita
884 1491 1025 1555 multum
1049 1513 1068 1556 a
1090 1491 1224 1578 Vegetii

203 1581 311 1644 aetate
343 1577 445 1644 distat
476 1579 515 1645 of.
543 1577 581 1663 p.'
602 1581 632 1646 3.
691 1579 862 1646 Eiusmodi
888 1578 1069 1659 notionem,
1113 1581 1223 1664 qualis

202 1667 300 1732 verbo
323 1670 589 1750 alpanumcrarii
610 1669 705 1754 inest,
727 1690 793 1733 non
816 1668 956 1733 alienam
979 1689 1049 1732 esse
1073 1691 1093 1732 a
1115 1669 1223 1735 tribus

202 1755 329 1841 Hygini
352 1756 449 1840 locis,
476 1778 557 1841 quos
582 1779 681 1841 supra
708 1755 907 1840 enumeravi,
939 1755 1093 1821 concedes
1116 1779 1222 1842 neque

202 1843 373 1910 Aroeriani
403 1845 534 1911 litterae
560 1846 660 1911 nimis
687 1847 881 1930 repugnant.
925 1843 990 1910 Pro
1012 1849 1049 1909 at
1070 1842 1129 1932 (A)
1154 1868 1222 1911 cor-

203 1933 273 1998 rexi
294 1934 349 1998 abt
370 1938 412 2017 et,
435 1934 521 2018 quod
540 1933 669 1999 facilius
687 1933 860 1999 videbatur
876 1954 974 2016 quam
992 1933 1112 1998 inicere
1130 1954 1223 2017 saper

204 2018 355 2106 (Lange),
378 2025 549 2103 practerea
570 2021 657 2086 idem
676 2021 822 2103 efficitur,
845 2041 946 2103 quum
964 2020 1115 2087 cohortes
1134 2025 1222 2106 equi-

202 2111 291 2174 tatae
324 2113 357 2172 ot
390 2109 555 2192 perlitatae
588 2109 629 2174 ad
660 2109 750 2174 viam
782 2107 974 2193 quintanam
1006 2113 1152 2194 spectent
1188 2115 1221 2176 et

203 2197 493 2280 supernumerariis
521 2198 740 2283 gentibusque
766 2195 850 2262 nihil
871 2195 1074 2280 relinquatur
1095 2199 1160 2264 nisi
1183 2205 1221 2265 ut

203 2285 244 2351 ad
266 2285 352 2350 viam
376 2287 561 2368 sagularem
584 2288 739 2370 spectent.

294 2397 320 2440 c.
338 2375 392 2440 20.
432 2374 560 2442 Salaciae
593 2375 763 2442 cointium
788 2373 969 2456 paeoniis,
1005 2375 1059 2440 ribi
1089 2396 1221 2443 mentera

203 2463 357 2546 waureio
378 2465 531 2549 dicaam,
553 2466 590 2529 iu
610 2483 736 2530 scamno
759 2463 927 2546 naamam
952 2469 1059 2528 mauu
1080 2466 1220 2546 aquilum

202 2552 275 2616 dari
296 2551 418 2632 dabam]
441 2551 482 2616 In
503 2553 535 2617 A
557 2553 678 2636 legitur
698 2551 818 2618 scholae
839 2551 970 2616 roboam
985 2553 1111 2638 parab,
1135 2555 1220 2638 quod

202 2638 316 2725 Lange
338 2639 387 2704 ita
410 2640 596 2706 emendavit
617 2640 736 2706 niolae
762 2639 933 2706 cohortibus
950 2642 1073 2722 primia
1120 2639 1219 2708 Cuius

203 2728 377 2813 explicatio
401 2751 432 2814 p.
454 2730 517 2794 170
541 2729 638 2814 digna
662 2732 721 2814 est,
744 2751 826 2813 quae
844 2730 985 2813 legatur:
1010 2727 1151 2795 ‘dativus
1169 2751 1220 2796 co·

202 2816 353 2882 hortibus
371 2817 624 2902 primis-pendet
643 2841 662 2882 a
680 2819 812 2884 notione
827 2817 1019 2902 contrariae,
1037 2840 1120 2902 quae
1134 2819 1219 2884 inest

202 2906 237 2970 in
263 2905 372 2971 verbis
404 2910 520 2972 contra
552 2905 716 2990 aquilam'.
773 2905 851 2972 Non
877 2905 978 2990 igitur
1006 2907 1110 2972 sensit
1138 2930 1168 2972 v.
1190 2908 1219 2975 d.
1318 2915 1319 2926 ¹

202 2993 263 3058 tali
286 2993 502 3078 explicatione
523 2995 693 3062 notionem
707 2991 912 3061 ‘contrariae'
935 2993 986 3058 bis
1009 3000 1122 3060 nostro
1146 2995 1217 3061 loco

202 3080 374 3165 vindicari,
403 3081 545 3166 primum
572 3084 679 3149 verbis
708 3082 907 3150 ‘cohortibus
934 3082 1071 3168 primis'‚
1107 3084 1218 3150 deinde

203 3169 329 3236 ‘contro
357 3170 523 3255 aquilam'.
571 3170 708 3239 Maioris
737 3172 896 3238 momenti
928 3174 991 3255 est,
1024 3172 1110 3256 quod
1138 3195 1218 3257 quae

200 3259 314 3344 Lange
336 3261 497 3345 postulat,
522 3261 594 3345 ipse
616 3283 683 3328 non
705 3265 815 3345 potest
838 3259 973 3325 efficere.
1018 3259 1089 3326 lam
1111 3261 1147 3325 in
1169 3283 1217 3326 ca-

203 3347 280 3412 stris
299 3349 400 3413 trium
418 3348 586 3436 legionum
604 3371 670 3415 non
687 3353 798 3434 potest
814 3349 894 3433 fieri,
915 3352 954 3412 ut
972 3349 1103 3415 scholae
1122 3349 1218 3415 simul

202 3436 317 3520 primis
341 3436 531 3504 cohortibus
555 3439 736 3504 contrariae
764 3441 797 3502 et
822 3437 857 3502 in
880 3458 1013 3502 scamno
1036 3438 1216 3523 legatorum
1319 3441 1320 3454 ¹

203 3525 284 3608 sint,
316 3548 394 3592 nam
423 3529 540 3594 tertiae
571 3527 710 3610 legionis
740 3525 847 3610 prima
874 3526 991 3592 cohors
1022 3526 1063 3590 ad
1089 3531 1217 3612 portam
