2646 4136
225 298 338 355 LIBER
354 298 404 354 DE
422 297 692 355 MUNITIONIBUS
712 296 942 355 CASTRORUM.
1050 297 1095 366 33

76 465 248 529 incurrent.
293 460 363 528 Nee
384 463 459 548 plus
483 484 522 527 ex
545 463 593 528 eis
616 461 730 528 deduei
753 461 863 548 debet,
886 483 984 548 quam
1005 464 1093 548 pedi·

2 607 5 611 ,
75 555 163 618 tutae
186 551 421 636 quingenariae
444 573 541 637 super
563 552 713 617 cohortos
744 551 881 636 primas,
903 555 951 637 et,
974 552 1003 617 si
1027 575 1093 618 am·

75 641 159 725 plius
184 643 372 725 supersunt,
394 645 433 706 ut
452 661 513 706 nea
537 640 676 726 strigam
694 640 855 724 expleant,
877 661 1009 706 neeesse
1033 642 1095 710 erit

75 751 133 815 per
156 728 299 813 reliquas
319 729 450 814 strigas,
472 732 509 794 ut
528 728 603 814 dixi,
627 729 730 794 artius
750 728 893 793 tendant
928 727 1094 816 Similiter,

74 822 112 884 ut
133 817 239 882 laxius
262 816 407 900 tendant,
430 817 579 902 affinitur,
597 817 749 902 quotiens
772 817 918 901 reliquus
938 833 1120 884 numerus⁵

76 905 235 990 convenit,
258 908 263 984 Ι
287 928 329 972 ne
351 905 454 972 totius
478 906 666 972 metationis
689 907 770 971 ordo
792 906 957 991 turbatim
988 911 1022 972 et
1044 929 1091 972 re·
1103 921 1190 992 1³41),

74 997 224 1060 tentaras
255 1015 313 1078 per
341 995 460 1080 strigas
488 994 618 1080 aequali
648 1016 784 1060 numero
812 994 918 1060 laxius
945 996 1094 1082 tendunt,

2 1161 3 1164 Ἴ
74 1087 258 1148 retenturae
280 1105 417 1150 numero
441 1087 641 1169 computato,
668 1087 706 1149 ut
729 1084 764 1148 in
785 1085 998 1167 praeteritura
1020 1106 1094 1150 eou-

2 1187 3 1226 ÷
74 1172 207 1238 reniret.
256 1172 311 1236 41.
334 1171 458 1249 Quodsi
481 1172 587 1238 adhue
609 1173 751 1257 amplius
782 1193 839 1238 seu
862 1173 970 1239 minus
994 1195 1093 1259 quam

74 1259 276 1326 ostendimus
300 1260 528 1348 supplementa
555 1261 633 1326 deta
658 1261 812 1345 fidssent,
844 1263 956 1328 omnia
978 1262 1135 1328 imma-10

13 1365 15 1370 ’
74 1351 222 1414 iurentur
245 1353 279 1416 et
301 1349 453 1416 cohortes
476 1351 562 1419 eirea
584 1350 707 1418 vallum
731 1350 826 1416 aliter
848 1351 1028 1416 tenderent.

161 1438 216 1505 42.
247 1437 343 1504 Nune
364 1443 550 1504 retenturae
573 1439 711 1504 diximus
734 1438 839 1522 partis
863 1437 1016 1505 dimidiae
1038 1463 1095 1505 nu-

74 1548 200 1592 merum
217 1525 267 1592 VI
285 1527 378 1592 milia
394 1525 580 1594 DOOGXX.
617 1526 779 1604 Quoniam
802 1530 853 1591 est
876 1527 1017 1594 latitudo
1035 1527 1094 1596 Do

2 1636 3 1640 ¹
47 1629 48 1635 ’
74 1614 203 1700 pedum,
225 1614 329 1699 video,
352 1620 432 1700 quot
456 1617 655 1702 semistrigia
676 1637 748 1680 esse
770 1615 911 1698 possint,
939 1622 977 1682 ut
998 1638 1094 1702 nuno,

73 1706 169 1769 erunt
190 1703 301 1770 decem
324 1708 358 1769 et
380 1707 520 1791 neptem,
550 1709 583 1771 et
607 1703 794 1791 quaestorio
822 1704 981 1788 pedatura
1004 1706 1093 1770 suffi·
1108 1719 1134 1761 1⁶

74 1794 162 1858 aiens
186 1792 256 1857 dari
278 1794 393 1879 possit.
413 1797 418 1873 Ι
440 1791 539 1859 Sumo
562 1794 674 1878 itaque
695 1793 822 1857 numeri
839 1796 968 1876 partem
988 1792 1093 1879 XVII,
1104 1812 1188 1880 1352,

73 1885 154 1967 quot
172 1881 371 1966 somistrigia
389 1903 460 1948 esse
481 1883 631 1966 diximus,
650 1881 689 1946 tit
707 1878 830 1947 0000:
854 1883 917 1950 erit
939 1904 1093 1949 numerus

72 1970 225 2035 militum.
275 1969 419 2036 'Pendere
442 1972 607 2037 debebunt
634 1992 693 2054 per
721 1969 956 2056 somistrigium
984 1993 1094 2056 unum,

71 2058 200 2125 adiecta
219 2059 335 2142 quinta
352 2060 470 2144 pedum
484 2059 618 2126 LXXX:
641 2060 724 2124 fiunt
740 2058 840 2144 pedes
854 2055 1109 2146 OOOOLXXX'

71 2147 157 2212 unde
180 2146 329 2232 efficitur,
351 2151 389 2212 ut
411 2149 493 2214 duae
515 2149 665 2215 cohortes
688 2148 792 2214 latere
814 2152 1000 2216 retenturae
1022 2153 1092 2216 ten·
1107 2165 1135 2206 ²0

72 2236 161 2302 dant
205 2235 259 2300 43.
283 2234 587 2322 supernumerarius
617 2241 651 2303 et
677 2237 819 2322 reliquas
842 2239 993 2304 nationes
1017 2260 1095 2323 quo·

71 2325 157 2391 tiens
179 2345 239 2408 per
263 2326 384 2410 strigas
408 2326 649 2411 distribuimus,
671 2345 737 2390 non
760 2326 833 2411 plus
857 2347 955 2410 quam
978 2327 1094 2411 triper-

2 2485 3 2488 ,
70 2413 128 2479 titi
153 2433 223 2478 esse
246 2412 411 2480 debebunt
438 2435 498 2480 neo
524 2415 623 2500 longe
646 2414 898 2499 abalterutrum,
921 2419 971 2500 ut,
993 2437 1093 2482 unam

69 2507 229 2568 tesseram
253 2524 312 2569 suo
335 2503 494 2570 vocabulo
518 2503 684 2570 citationis
712 2503 855 2569 audiant.
901 2501 1095 2571 Observabi·

68 2613 144 2656 mus
167 2592 293 2676 primae
317 2593 441 2678 strigae
469 2593 573 2679 signis
600 2592 688 2658 idem
716 2592 898 2677 adsignari,
929 2594 1015 2677 quod
1043 2615 1094 2659 eo·
1108 2607 1134 2648 2⁵

68 2680 160 2745 horti
182 2680 316 2767 primae,
338 2685 375 2747 ut
397 2682 469 2746 viae
491 2681 667 2746 vioineriae
687 2684 692 2760 Ι
712 2684 911 2767 pereurrant.
1096 2699 1180 2768 135a,

70 2836 232 2907 apodiate
292 2837 464 2894 econvertit
481 2854 534 2893 neo
552 2837 685 2894 mandet
758 2820 946 2894 aretenturas
960 2837 1094 2894 corodoio

107 2914 125 2964 8
139 2913 257 2964 numeru
271 2910 456 2980 conputatum
510 2908 720 2964 eoonvenirent
770 2913 804 2963 10
814 2905 1062 2977 supplimentanda

144 2993 158 3022 8

69 3031 150 3088 omni
167 3030 380 3087 inmutabuntur
452 3033 605 3089 llballum
676 3031 792 3088 tendere
866 3035 899 3084 12
913 3031 1057 3088 retentare

2 3151 3 3172 2
69 3109 105 3160 1⁸
120 3121 176 3174 pro
194 3103 233 3159 VI
250 3103 331 3159 milia
349 3102 495 3160 Dcccxx
513 3111 552 3160 est
569 3106 601 3160 ia
618 3104 647 3158 A
665 3101 713 3156 Do
736 3101 905 3158 Dcoccxx
923 3119 992 3158 corr.
1003 3103 1057 3158 sa

2 3173 3 3177 ’
67 3174 193 3230 latitudo
202 3173 259 3244 DC,
277 3193 328 3232 om.
338 3175 444 3246 pedum
500 3181 534 3230 14
548 3175 624 3245 quod
642 3171 817 3244 aemistrigia
873 3177 905 3228 15
921 3173 976 3227 orit
994 3173 1093 3228 decem

68 3245 177 3318 septies
209 3247 334 3304 caudet
406 3253 439 3302 16
454 3245 576 3302 sufficies
595 3246 661 3302 dare
684 3245 783 3316 posset
800 3243 934 3302 coradot
1012 3251 1092 3298 sumo

104 3317 219 3401 partem
235 3317 301 3374 XVI
320 3318 453 3378 corrasa
525 3325 559 3374 17
574 3317 650 3386 quod
663 3313 839 3386 aemistnigia
891 3319 924 3369 18
938 3331 990 3386 per
1007 3315 1092 3370 aemi·

68 3387 203 3460 strngium
259 3395 292 3444 19
307 3389 435 3458 quintam
490 3387 632 3446 GOOOXX
650 3403 719 3444 corr.
730 3386 784 3443 aaa
837 3391 873 3442 20
887 3387 920 3440 ut
938 3393 1002 3442 onte
1020 3385 1093 3440 duae
1149 3440 1152 3446 ,

68 3460 171 3531 ΜΛ,
191 3459 292 3517 adiecit
301 3459 355 3516 Set
404 3465 438 3515 21
453 3457 700 3573 summaoterias
755 3465 789 3514 23
803 3473 839 3512 ne
857 3457 943 3572 ¹⁰³5?
997 3456 1093 3512 vinam

67 3588 180 3642 tessera
194 3583 329 3642 candet
365 3544 532 3656 artadum
568 3582 713 3642 atoohors
727 3580 835 3652 primae
886 3581 915 3636 vi
934 3581 1094 3639 vicenariae

895 3671 932 3728 3*
