2646 4136
234 285 258 350 4
633 285 850 344 PnAnnfflo,

233 449 431 551 Arcerianus
454 449 556 516 habet
577 449 742 514 wdtcdicc
757 451 875 551 pedum
888 447 991 551 CXX,
1014 451 1250 555 ⁸⁰d.⁰¹¹3¹²..Hl·

235 713 439 799 longitudine
454 715 570 799 agitur.
602 714 674 780 Iam
687 711 826 779 Goesius
844 735 880 778 ιιι
892 714 995 801 Antiq
1019 767 1027 782 .
1041 737 1147 802 agrer.
1164 739 1195 801 p.
1206 717 1252 782 95

95 882 101 894 Ι
232 802 320 867 hunc
347 802 556 869 manifestum
578 803 705 868 librarii
735 823 877 868 errorem
901 824 994 869 emen
1037 805 1094 870 rit
1138 805 1252 889 Lange

233 890 365 975 quidem
397 892 431 956 in
463 891 695 957 commentario
728 889 935 975 Hyginianae
967 892 1105 959 editioni
1138 893 1251 960 addito

232 1001 263 1063 p.
276 978 339 1045 105
363 980 527 1046 latitudine
548 979 677 1063 retinet,
700 979 786 1062 quod
808 985 972 1046 occanum
995 978 1053 1066 (A)
1077 982 1183 1068 magis
1208 981 1250 1047 ad
1321 1023 1322 1034 ι

233 1068 438 1133 latitudinem
457 1089 555 1153 quam
570 1067 609 1132 ed
624 1067 861 1152 longitudinem
874 1068 989 1134 referri
1003 1068 1159 1135 videatur.
1187 1068 1251 1135 Sed
1321 1107 1322 1110 κ

232 1178 274 1221 nc
302 1161 467 1222 occurrunt
498 1155 627 1240 quidem
659 1158 745 1220 recte
775 1177 809 1220 ss
836 1153 946 1221 habet.
990 1155 1067 1224 Non
1098 1158 1251 1224 absolute

232 1244 296 1309 dici
318 1247 442 1327 potest:
466 1244 608 1309 tentoria
632 1248 813 1328 occurrunt,
841 1245 972 1310 etiamsi
994 1245 1105 1332 Lange
1128 1248 1149 1312 l.
1167 1269 1193 1313 c.
1217 1246 1251 1311 id
1321 1305 1322 1331 p

232 1331 327 1397 nobis
350 1331 543 1421 persuadere
568 1332 646 1398 vult
684 1329 805 1416 Recepi
828 1331 1030 1418 ‘decurrerat',
1054 1357 1252 1420 quamquam
1321 1361 1322 1418 g

232 1426 389 1505 commeat,
411 1420 496 1505 quod
520 1421 661 1504 scriptor
684 1419 804 1486 codicis
827 1420 856 1485 B
879 1421 914 1486 in
939 1425 1085 1507 margine
1108 1423 1157 1488 ita
1178 1423 1275 1490 lau.
1321 1435 1322 1454 ¹

232 1509 289 1573 dat
311 1507 372 1575 ‘Nf
392 1507 571 1593 occupant',
593 1509 629 1574 in
651 1509 759 1575 locum
781 1513 931 1576 nostrum
954 1511 1076 1595 optime
1101 1511 1249 1596 quadrat,

231 1597 286 1662 sed
309 1597 383 1681 ipsa
404 1597 462 1662 illa
483 1601 563 1663 nota
586 1597 775 1682 marginalis
806 1598 887 1664 satis
911 1598 1113 1665 demonstrat
1137 1600 1249 1686 genui·

230 1707 308 1750 narn
326 1686 499 1752 lectionem
518 1707 588 1752 esse
603 1685 799 1752 ‘occurrunt’.
827 1685 999 1752 Dccurrere
1012 1710 1078 1752 non
1092 1688 1249 1753 abhorret

232 1774 273 1839 ab
297 1775 557 1858 agrimensorum
575 1796 733 1858 sermone,
756 1774 867 1859 Lange
886 1775 956 1858 ipse
974 1776 996 1840 l.
1011 1797 1037 1841 c.
1056 1775 1150 1841 affert
1162 1775 1249 1862 Agg.

231 1860 311 1928 Urb.
333 1885 364 1948 p.
383 1863 426 1928 46
450 1863 602 1928 editionis
624 1861 918 1929 Lachmannicnae.

318 1952 468 2033 quonium
494 1952 649 2016 coniuncti
677 1953 819 2033 tendum
854 1951 1023 2016 Arceriani
1052 1952 1248 2037 scripturam

230 2059 300 2106 cum
330 2040 593 2122 commendaret
618 2037 729 2124 Lange
761 2039 797 2104 in
827 2038 913 2103 hunc
944 2039 1076 2105 modum
1108 2039 1249 2106 mutavit

230 2147 300 2192 cum
321 2127 596 2210 compraetenduat.
633 2124 695 2192 Sed
713 2127 783 2210 ipse
802 2127 984 2213 confitetur,
1006 2128 1142 2193 verbnm
1162 2150 1248 2194 com·

229 2215 440 2299 praetendere
463 2236 533 2280 esse
560 2209 614 2279 ἀπ.
638 2212 825 2301 εἰρημένον.
871 2213 965 2291 Quod
989 2216 1057 2281 eiua
1080 2217 1248 2282 notionem

230 2303 399 2458 edili
414 2302 944 2458 pltdltllbtltltll
958 2304 1249 2458 ‹iiiiiiiloiii

223 2501 304 2564 prae
327 2415 463 2546 eandddr
486 2443 652 2547 notionem
676 2479 813 2545 localem
831 2480 951 2545 habere
969 2414 1128 2567 ivurio),
1151 2503 1249 2566 quam

229 2569 332 2634 habet
349 2563 384 2634 in
403 2570 503 2636 verbo
511 2567 762 2654 praeduccodi'?
794 2567 918 2636 Contra
935 2570 1148 2653 praetendere
1163 2569 1248 2654 epud

227 2657 400 2743 Hyginum
424 2659 589 2744 significat
611 2658 648 2722 in
670 2656 833 2724 anteriore
857 2661 1040 2724 castrorum
1062 2662 1156 2742 parte
1179 2662 1248 2723 ten·

231 2747 315 2827 dere,
334 2767 417 2832 quae
435 2746 509 2811 inde
523 2749 735 2831 praeteritura
748 2750 893 2831 vocatur,
915 2749 953 2811 ut
966 2745 1135 2812 retendere
1149 2747 1249 2832 signi-

229 2835 307 2901 ficat
330 2836 364 2900 in
387 2839 554 2900 retentura
572 2835 704 2900 tendere
727 2834 767 2900 of.
781 2839 911 2919 praeter
925 2835 1047 2900 multos
1063 2835 1146 2900 alios
1160 2837 1247 2900 locos
1278 2845 1281 2852 ’

230 2945 256 2989 c.
274 2924 374 2990 24111.
398 2923 628 3008 ‘praetendunt
650 2922 733 2988 alae'
757 2927 790 2987 et
809 2923 852 2988 25
865 2924 909 2988 in.
932 2921 1117 2988 ‘retendunt
1135 2923 1246 2989 cohor-

229 3014 280 3077 tes
304 3010 489 3096 eqnitatae'.
529 3010 690 3088 Quoniam
704 3011 856 3098 Hyginus
879 3011 915 3075 in
937 3011 1043 3095 primo
1067 3012 1175 3096 capite
1193 3032 1245 3077 ne·
1315 2973 1320 3118 ¹

230 3122 292 3186 que
311 3099 350 3165 de
368 3103 578 3185 praetentum
595 3122 700 3185 neque
719 3100 758 3164 de
776 3100 844 3165 ulla
863 3099 927 3165 alia
948 3102 1128 3170 castrorum
1153 3103 1245 3185 parte
1317 3127 1319 3176 1

228 3189 384 3274 loquitur,
411 3193 522 3274 aperte
549 3188 668 3254 falsum
696 3193 747 3254 est
769 3187 1018 3275 conpracteadsre
1047 3209 1107 3253 nec
1129 3189 1245 3271 minus,

229 3277 263 3342 id
287 3277 371 3362 quod
395 3276 531 3343 Goesius
553 3278 575 3343 l.
593 3298 618 3343 c.
641 3300 673 3362 p.
691 3277 734 3342 95
757 3276 951 3361 postulavit,
977 3281 1085 3342 unca
1102 3281 1244 3359 praeten-

228 3367 309 3445 dere,
347 3366 403 3431 sed
429 3365 631 3431 desideratur
657 3365 796 3449 simplex
823 3366 949 3431 tandm.
999 3363 1062 3430 Sed
1091 3365 1169 3450 quid
1200 3364 1238 3429 de

228 3453 349 3520 litteris
373 3453 638 3520 antecedentibus
667 3453 745 3519 fiet?
790 3451 902 3519 Nexns
930 3454 1168 3519 sententiarum
1196 3473 1242 3518 rs·

229 3542 344 3629 quirit,
379 3547 417 3609 nt
448 3543 543 3609 binas
576 3543 738 3608 centurias
779 3563 845 3608 una
880 3541 1070 3627 tetendisse,
1106 3543 1242 3608 alteram
