2646 4136
518 285 737 344 PRAEFATIO.
1115 286 1135 350 9

117 472 264 535 unquam
278 447 431 535 Hyginus
453 449 502 513 ita
519 448 698 532 usurpavit,
720 447 881 533 utLange
904 449 1022 534 posuit.
1059 447 1137 515 Gra·
1171 455 1174 461 ’

119 539 194 604 rius
217 537 355 620 videtur,
377 537 464 621 quod
482 543 578 619 prosu
598 538 634 602 in
655 539 748 602 textu
767 558 786 600 a
808 535 934 622 Langio
958 538 1136 604 constituto

119 627 206 692 nihil
229 625 318 692 aliucl
339 624 503 710 significat
524 626 590 691 nisi
610 631 654 704 ut,
676 625 878 692 desideratur
896 629 1005 691 autem
1023 630 1136 692 nostro

118 717 195 782 loco
219 713 377 780 eiusmodi
398 713 506 779 notio:
537 713 724 780 decuriones
747 717 808 778 ete.
835 716 887 779 tot
911 714 1025 798 habet,
1058 718 1138 798 quot

120 809 256 869 turmas.
293 802 364 880 Qua
387 823 428 867 er
450 823 547 869 causa
565 803 680 886 scripsi
697 802 810 884 reliqui
828 806 862 868 et
879 823 1031 870 macrus.
1064 803 1137 869 Iam

119 913 203 976 opus
225 891 290 956 fuit
312 890 481 975 sequentia
503 893 560 956 aut
582 891 744 975 corrigere
766 892 836 972 equi
857 895 894 956 ut
915 895 986 975 aut,
1014 896 1053 956 ut
1075 911 1137 976 ego

118 980 197 1064 feci,
225 981 432 1063 interponere
459 979 562 1059 olunt,
591 979 677 1064 quod
704 978 801 1044 facile
828 983 903 1045 ante
929 985 966 1045 ut
992 980 1137 1046 excidere

119 1068 230 1153 potuit
252 1073 286 1134 et
307 1068 375 1133 iam
397 1067 563 1152 superiore
586 1069 658 1133 loco
683 1068 830 1135 occurrit

211 1195 237 1240 o.
258 1174 308 1239 17.
340 1173 403 1238 Per
424 1175 513 1238 cuius
534 1174 668 1257 riporom
684 1179 815 1258 utaque
825 1179 926 1259 porte,
948 1193 1018 1240 cum
1035 1175 1138 1239 neuim

118 1263 270 1328 creatus
291 1261 411 1327 esther
432 1272 475 1327 est
496 1263 630 1345 qumque
656 1263 786 1346 leyioues
813 1268 842 1327 et
861 1283 973 1347 supro,
1004 1262 1138 1328 cohortes

120 1351 308 1434 maneriae
338 1351 411 1415 dori
441 1351 554 1432 soleat]
592 1349 694 1416 Miror
729 1349 846 1435 Langii
879 1352 1044 1430 fiduciam,
1081 1352 1138 1436 qui

120 1461 152 1524 p.
174 1439 237 1503 164
261 1437 338 1504 ‘non
361 1438 503 1522 dubitat,
530 1438 609 1522 quin
636 1438 735 1504 verba
763 1439 803 1504 ad
831 1440 1028 1506 sententiam
1050 1443 1138 1505 recte

120 1523 400 1606 accommodarit',
432 1546 630 1610 quamquam
656 1525 790 1610 Hygino
818 1531 929 1610 aperte
960 1529 1137 1612 pessimam

120 1615 189 1679 vim
220 1613 339 1678 intulit.
383 1611 525 1677 Inseruit
556 1613 641 1677 enim
677 1617 754 1700 post
785 1613 939 1698 ‘quinque
970 1616 1138 1700 legiones’‚

121 1701 284 1768 ‘cohortes
308 1701 440 1785 quintae
469 1701 609 1784 legionis
641 1705 679 1765 ut
707 1722 806 1784 supra
834 1702 929 1782 [haec
951 1701 1014 1767 duo
1037 1703 1138 1769 verba

120 1811 180 1876 pro
203 1795 233 1855 et
248 1809 346 1872 supro
363 1788 548 1869 Arceriani]
572 1789 608 1853 in
630 1793 839 1872 praetentum
857 1790 976 1854 tertiae
995 1794 1028 1854 et
1045 1811 1139 1874 quar-

1 1947 7 1961 ,
119 1877 197 1943 tae'.
232 1875 338 1943 Multo
362 1877 488 1942 cautius
513 1877 581 1962 egit
599 1875 722 1957 Schola
747 1877 802 1962 qui
817 1876 971 1962 ‘quinque
992 1878 1137 1963 legiones

122 1971 156 2033 et
180 1985 288 2050 supra,
310 1965 466 2049 pedatura
489 1966 616 2031 cohorti
638 1966 763 2050 primae
786 1965 856 2031 dari
876 1965 970 2032 solet'
989 1967 1138 2032 correxit.

122 2053 180 2120 ‘Et
203 2052 314 2138 supra'
336 2054 444 2138 recepi
471 2053 659 2120 reeordatus
693 2053 810 2140 cepitis
837 2056 873 2139 4,
904 2054 961 2120 ubi
992 2053 1137 2120 invenies

121 2143 284 2229 ‘quotiens
316 2146 426 2208 autem
458 2143 602 2227 quinque
635 2143 689 2207 vel
720 2165 776 2208 sex
808 2144 954 2228 legiones
986 2147 1138 2228 acceptae

120 2230 264 2315 nerine,
282 2230 339 2296 sed
357 2231 486 2315 longius
502 2229 667 2296 Schelium
686 2232 778 2316 sequi
794 2253 861 2298 non
875 2231 1025 2297 sustinui.
1051 2229 1084 2296 N
1086 2254 1138 2298 um

122 2323 256 2405 propter
278 2319 387 2402 verba,
414 2341 497 2404 quae
525 2324 602 2384 sunt
625 2319 695 2403 ‘per
722 2320 811 2384 cuius
838 2321 983 2404 rigorem
1009 2325 1139 2402 utraque

122 2405 228 2492 parte’
255 2428 322 2472 non
344 2407 457 2472 debuit
480 2405 594 2472 Sohele
621 2407 661 2471 de
689 2408 824 2474 cohorte
850 2407 956 2493 prime
983 2408 1138 2492 cogitare.

121 2495 197 2562 Mea
219 2497 378 2562 correctio
401 2499 535 2580 rectum,
558 2496 682 2580 opinor,
707 2517 837 2561 sensum
860 2495 1002 2582 exhibet,
1025 2496 1138 2564 cohor·

120 2588 173 2649 tes
200 2584 400 2669 legionariae
427 2583 492 2649 nisi
517 2585 712 2650 necessitate
739 2587 875 2668 cogente
903 2606 970 2651 non
1000 2589 1076 2650 sunt
1104 2586 1139 2650 in

121 2675 296 2738 retentura.
342 2671 433 2748 Quod
457 2672 498 2737 ad
525 2672 711 2738 litterarum
738 2673 984 2738 similitudinem
1011 2674 1138 2756 attinet,

122 2761 333 2913 gippdebo,dsi
356 2761 429 2846 quis
450 2761 668 2914 cloniecturepm
687 2761 845 2847 attulerit,
868 2783 952 2846 quae
971 2783 1043 2826 mea
1060 2761 1138 2827 faoi·

122 2871 140 2915 c
180 2871 217 2914 or
241 2869 279 2914 ea
302 2871 417 2935 emque
439 2869 569 2933 pamor
591 2871 643 2914 s1.

213 2977 239 3020 o.
260 2955 310 3020 19.
345 2955 401 3020 ubi
425 2959 455 3019 et
479 2955 744 3038 supernumerarii
771 2959 800 3019 et
825 2955 961 3036 reliquae
982 2955 1136 3037 nutioms]

121 3042 162 3108 In
188 3041 219 3108 A
247 3047 299 3108 est
329 3049 360 3108 et
383 3048 671 3126 ammsumuctoree.
729 3041 786 3108 Bis
823 3047 953 3126 praeter
988 3046 1138 3109 nostrum

122 3131 231 3197 locum
249 3132 361 3198 eedem
379 3131 447 3197 fere
465 3133 554 3197 vocis
573 3131 679 3196 forma
697 3133 732 3196 in
744 3127 871 3215 Hygini
894 3130 979 3197 libro
998 3132 1139 3196 occurrit

123 3241 149 3284 c.
168 3221 211 3284 29
235 3224 268 3285 et
289 3221 342 3286 43.
372 3219 438 3284 Ex
462 3241 487 3286 o.
505 3219 624 3348 29οἱῗὲΙι
635 3219 713 3305 quid
736 3218 825 3284 aliud
847 3218 960 3284 dutum
982 3219 1082 3284 fuerit
1103 3218 1139 3284 in

122 3361 267 3428 exercitu
286 3383 446 3428 summam
467 3359 660 3430 clarificum'
679 3358 741 3446 (ite
758 3357 804 3446 A)
826 3362 971 3444 apparet,
993 3381 1059 3424 non
1081 3381 1138 3426 no-

24 3493 26 3496 ·
123 3471 200 3515 men
221 3451 389 3534 proprium
412 3452 519 3535 gentis
544 3455 651 3516 certae
674 3448 854 3533 cuiusdam,
877 3448 934 3514 sed
958 3467 1059 3534 genus
1082 3470 1138 3532 ap-

123 3538 318 3622 pellativum
340 3538 471 3624 requiri.
515 3539 661 3605 Eatenus
684 3560 758 3604 oum
781 3537 906 3622 Langio
933 3537 1028 3603 facio.
1075 3535 1138 3605 Sed
