2646 4136
107 189 148 319 ⁷.
186 232 234 302 a·
601 235 818 292 estanneio.

202 423 301 486 quam
333 400 381 465 ita
408 403 559 486 pergeret
586 397 682 465 ‘haec
708 399 866 483 pedatura
892 399 934 463 ad
961 399 1094 482 plenam
1121 399 1227 484 legio-

201 488 299 568 nem',
322 489 427 574 striga
450 492 559 554 autem
581 489 725 572 pertinet
748 487 789 552 ad
811 488 891 552 duas
915 489 1085 554 centurias.
1127 486 1226 564 Quod

201 577 315 662 Lange
335 577 434 662 ‘porro
458 576 608 661 credidit,
636 576 768 660 plenam
789 576 954 660 legionem
978 577 1132 662 explicari
1155 599 1226 642 non
1318 651 1319 658 ἵ

201 688 309 751 posse,
332 667 467 733 errarit:
489 665 577 752 legio
596 665 715 731 dicitur
737 665 844 749 plena,
867 666 957 731 cuius
975 669 1087 749 partes
1105 665 1225 750 plenae
1318 697 1319 704 .

203 758 290 838 sunt,
312 754 346 819 id
370 758 421 820 est
442 755 565 820 iustum
586 775 757 820 numerum
779 753 910 819 habent.
952 752 1121 820 Sententia
1144 755 1225 820 seri-

200 845 305 928 ptoris
328 843 508 927 perspicua·
524 846 587 908 est:
614 840 772 925 pedatura
794 841 897 908 totius
925 842 1067 928 legionis
1091 843 1131 908 ad
1153 844 1225 926 ple-

201 954 280 997 num
308 931 451 997 militum
477 953 646 996 numerum
676 933 897 1015 computatur,
930 931 985 996 sed
1012 953 1080 998 non
1106 930 1224 1016 plenus

203 1024 269 1100 est,
297 1043 375 1106 nam
398 1041 457 1104 pro
481 1018 512 1083 X
534 1018 684 1084 tentoriis
713 1019 877 1085 centuriae
904 1024 978 1085 octo
1001 1023 1131 1086 tantum
1153 1024 1234 1108 ten-1

202 1110 292 1174 dunt.
337 1108 485 1193 Apparet
516 1110 594 1192 post
625 1113 799 1191 computata
828 1108 979 1173 lacunam
1012 1131 1097 1194 esse,
1130 1109 1224 1174 cuius

202 1199 334 1282 signum
362 1197 398 1261 in
419 1199 512 1261 textu
540 1196 644 1280 posui.
688 1195 835 1282 Denique
863 1197 944 1262 illud
971 1219 1102 1281 moneo,
1131 1203 1161 1262 et
1187 1199 1225 1262 in

202 1285 312 1351 verbis
335 1290 364 1350 et
384 1305 448 1350 aon
464 1286 540 1368 plus
564 1284 747 1370 significare
769 1290 799 1351 et
819 1306 853 1350 re
873 1305 955 1351 uero.

294 1394 319 1438 o.
340 1373 370 1437 2.
399 1374 553 1457 corporali
575 1378 612 1438 at
632 1393 722 1439 maro
741 1376 879 1454 teneant]
903 1373 941 1439 In
960 1374 1028 1439 cod.
1042 1372 1224 1440 Arceriano

203 1465 255 1527 est
286 1463 321 1526 tn
348 1482 451 1541 moro,
484 1461 569 1546 quod
600 1461 679 1526 ferri
711 1485 777 1530 non
808 1485 905 1547 posse
937 1462 1098 1547 Langium
1126 1463 1224 1547 fugit.

126 1549 128 1554 ’
201 1550 326 1616 Tamen
357 1551 424 1615 iam
457 1549 636 1616 Salmasius
668 1548 724 1636 (ad
750 1551 882 1635 Vopise.
908 1549 964 1636 14)
997 1550 1138 1616 correxit
1170 1572 1224 1616 eea

202 1660 302 1705 muro.
337 1637 411 1724 ligo
429 1644 466 1705 ut
481 1638 636 1724 praetuli,
659 1641 812 1725 quoniam
834 1640 969 1724 propius
993 1640 1034 1705 ad
1053 1638 1224 1706 Aroeriani

202 1728 330 1793 litteras
354 1727 487 1793 aceedit.

293 1817 387 1881 etium
399 1818 478 1900 pede
494 1821 636 1882 monente
653 1818 700 1882 tto
717 1816 918 1897 moabitas]
943 1814 974 1881 Α
994 1816 1127 1882 exhibet
1144 1822 1173 1882 ct
1189 1819 1226 1882 ist

196 1907 275 1988 pede
293 1907 433 1970 monenti
450 1907 517 1970 iam
530 1906 726 1984 mutavimus,
745 1906 848 1970 malui
865 1907 959 1970 etlam
978 1908 1011 1968 et
1027 1907 1083 1971 en.
1110 1905 1223 1990 Lange

202 1992 348 2058 defendit
371 1990 493 2058 Schelii
514 2014 592 2078 eam,
616 1993 673 2057 sed
696 2015 769 2058 cum
789 1993 830 2057 sd
841 1993 1029 2074 pedatums
1051 1998 1222 2076 protaseos
1318 2077 1319 2080 Ἴ

203 2081 326 2147 referat
349 2085 383 2146 et
399 2081 477 2164 pede
499 2104 558 2166 pro
581 2081 740 2166 pedatura
767 2081 889 2146 dictum
917 2101 987 2147 esse
1010 2086 1098 2146 recte
1119 2086 1223 2167 putet,

205 2170 367 2236 eiusmodi
390 2171 588 2237 sententiam
615 2169 734 2235 effecit:
762 2168 920 2253 pedatura
946 2173 1098 2235 manente
1126 2171 1223 2255 pede-

202 2261 313 2324 turam
336 2258 545 2324 mutabimus.

294 2349 420 2430 quodsi]
445 2346 556 2432 Lange
575 2370 606 2432 p.
627 2345 691 2411 115
719 2367 754 2410 se
778 2345 1005 2411 concinnitatis
1034 2367 1106 2412 eum
1129 2369 1222 2432 supe·

202 2436 289 2501 riore
313 2436 535 2501 enuntiatione
560 2433 738 2500 servandae
766 2456 863 2500 causa
890 2435 1014 2517 quondo
1041 2437 1222 2501 restituisse

203 2523 297 2588 dixit.
343 2521 405 2588 Sed
429 2544 548 2607 quaeso
572 2523 755 2607 proximum
781 2523 937 2608 inspicias
965 2526 1075 2608 eaput,
1104 2524 1153 2589 ibi
1174 2525 1221 2588 in·

203 2613 314 2676 venies
348 2609 460 2696 ‘igitur
486 2613 516 2677 st
542 2611 689 2696 legiones
718 2610 795 2696 ...'‚
826 2615 897 2677 tum
930 2611 1080 2696 ‘quotiens
1111 2615 1220 2678 autem

204 2701 347 2785 quinque
366 2699 512 2784 legiones
536 2698 617 2767 ...':
640 2701 707 2766 iam
726 2720 917 2787 cognosces,
939 2705 1096 2786 quantum
1114 2701 1222 2766 valeat

202 2791 238 2854 in
261 2792 373 2855 nostro
398 2788 555 2872 scriptore
578 2789 637 2853 illa
659 2789 870 2855 concinnitas.

293 2879 375 2960 qood
397 2877 496 2957 faerit
520 2877 632 2960 siparia
662 2877 799 2944 tobaleae
826 2879 898 2960 erit,
926 2897 1011 2942 noae
1036 2877 1221 2960 semistnpio

203 2967 406 3047 mutabimus]
437 2965 490 3030 Ab
513 2964 686 3031 Arceriani
713 2969 876 3050 scriptura
898 2969 1007 3030 textus
1035 2967 1082 3031 ita
1104 2964 1221 3031 consti·

203 3055 296 3118 tutus
320 3075 418 3138 quam
437 3053 569 3119 minime
587 3055 718 3120 recedit.
749 3055 876 3139 Restat,
894 3057 933 3119 ut
950 3075 1080 3119 sensum
1098 3057 1221 3120 rectum

203 3143 312 3208 inesse
342 3141 562 3208 emendationi
589 3165 680 3208 meae
709 3164 878 3228 exponam.
922 3141 1078 3226 Hyginus
1110 3144 1220 3208 nostro

204 3232 277 3297 loco
306 3232 355 3297 ita
382 3231 488 3296 docet:
522 3230 556 3296 Si
582 3231 730 3318 legiones
762 3232 887 3317 plures,
919 3231 1039 3296 auxilia
1070 3232 1220 3315 pauciora

205 3323 295 3401 sunt,
327 3319 477 3386 cohortes
508 3320 708 3406 legionariae
735 3319 879 3385 erebrius
908 3319 994 3385 circa
1016 3320 1139 3385 vallum
1166 3341 1220 3403 po·

203 3408 330 3475 nendae
353 3412 439 3475 sunt.
476 3409 549 3474 Hoc
570 3409 619 3474 ita
641 3411 692 3494 fit,
715 3413 752 3474 ut
773 3407 932 3493 pedatura
951 3411 1167 3493 convertatur,
1188 3408 1219 3472 id
1302 3466 1305 3472 ,

204 3501 316 3564 estut
339 3498 469 3584 longius
493 3492 764 3584 semistrigiorirm
785 3497 872 3564 latus
896 3499 967 3564 loco
985 3497 1143 3564 brevioris
1166 3518 1219 3581 po-
