2646 4136
487 281 706 338 PRAEFATIO.
1066 281 1110 348 15

89 465 166 509 rens
198 445 239 510 ad
270 445 413 528 priorem
442 442 573 528 ‘puncto
600 444 726 509 mediae
747 443 884 529 portee'.
931 444 1020 521 Quae
1047 445 1111 513 hoc

89 533 163 597 loco
186 533 341 620 Hyginus
365 533 530 617 describit,
557 554 690 618 prorsus
717 554 785 597 non
812 533 975 599 intellexit
996 532 1109 620 Lange

89 620 132 686 cf.
154 642 186 703 p.
205 622 347 688 nov-9.
387 621 488 687 Putat
509 622 567 686 ille
591 619 685 705 ‘quae
707 643 793 687 nunc
814 626 929 687 narrat
945 620 1110 708 Hyginus,

89 709 223 777 illorum
246 732 381 794 operum
398 709 456 794 (sc.
474 708 578 797 tituli)
601 709 835 776 accuratiorem
857 710 1109 794 descriptionem

88 796 265 866 exhibere'.
309 798 372 865 Sed
395 799 584 865 omittamus
611 799 707 863 illum
735 801 768 863 et
791 797 917 884 Hygini
938 799 1038 864 verba
1060 801 1109 865 in-

90 886 274 970 spiciamus.
310 887 472 972 Apertum
492 890 554 971 est,
577 887 770 971 scriptorem
788 909 849 954 nos
864 887 1011 972 edocere,
1030 906 1108 972 quo-

90 977 188 1044 modo
211 980 325 1061 portae
349 977 473 1060 optime
497 977 717 1041 obstruantur.
747 974 832 1041 Eam
851 975 1110 1042 obstructionem

89 1066 238 1150 appellat
257 1064 481 1149 claviculam,
517 1084 615 1149 quam
647 1085 726 1129 cave
762 1085 837 1129 cum
873 1065 972 1129 titulo
1011 1087 1110 1149 supra

90 1177 116 1221 c.
136 1155 188 1220 49.
210 1153 255 1219 50
282 1157 536 1220 commemorato
559 1153 748 1219 confundas.
794 1151 962 1218 Olavicula
984 1153 1033 1219 ita
1056 1175 1109 1218 ex·

90 1244 240 1309 struitur:
264 1243 439 1308 circinatur
457 1263 496 1307 ex
514 1242 601 1307 linea
618 1242 774 1307 interiore
792 1241 871 1307 valli
890 1240 1024 1326 ‘puncto
1042 1264 1109 1307 me·

91 1332 164 1396 diae
191 1334 306 1415 portae
336 1330 490 1414 adaperto
519 1330 639 1395 circino
668 1330 709 1396 ad
736 1330 900 1396 cardinem
926 1329 1052 1414 portee'
1076 1330 1109 1395 id

91 1423 142 1485 est
165 1441 204 1484 ex
227 1441 265 1486 eo
289 1422 411 1503 puncto
434 1419 599 1484 interioris
626 1419 731 1483 lineae
754 1418 846 1502 valli,
870 1418 956 1502 quod
983 1418 1110 1485 mediae

88 1512 218 1594 portae,
255 1529 353 1591 quam
389 1507 476 1571 inter
512 1507 701 1571 interiorem
733 1511 767 1571 et
799 1507 992 1571 exteriorem
1028 1508 1109 1573 valli

88 1598 211 1663 lineam
228 1595 353 1679 cogites
371 1593 520 1676 mediam,
534 1594 733 1660 contrarium
748 1597 807 1659 est.
830 1591 978 1659 Circinus
993 1595 1109 1680 adape-

88 1685 175 1750 ritur
198 1684 239 1748 ad
262 1682 428 1750 cardinem
450 1685 564 1765 portae
587 1686 621 1747 et
644 1682 864 1747 semicirculus
884 1703 923 1748 ex
941 1683 1045 1747 altero
1068 1683 1109 1748 ad

89 1774 231 1838 alterum
248 1777 363 1857 portae
381 1771 545 1837 cardinem
563 1770 711 1836 efficitur.
746 1769 821 1854 Via,
839 1792 904 1854 qua
920 1770 975 1836 via
993 1771 1109 1854 princi·

87 1861 175 1946 palis
195 1865 252 1926 aut
269 1861 433 1944 praetoria
450 1859 668 1944 continuatur,
680 1863 776 1924 vacat
790 1880 811 1923 a
829 1858 959 1924 circino.
987 1857 1110 1945 ‘Linea

89 1972 173 2035 quae
197 1954 309 2016 centro
333 1946 462 2015 serviet'
487 1952 537 2013 est
560 1970 599 2013 ea
616 1957 692 2036 pars
710 1946 816 2012 lineae
835 1947 1001 2012 interioris
1020 1948 1110 2033 valli,

87 2061 170 2124 quae
192 2042 308 2125 portae
331 2037 484 2122 opposita
502 2039 561 2122 est,
583 2036 710 2120 inqua,
733 2039 888 2121 utsupra
907 2035 1108 2102 demonstra·

88 2129 208 2211 vimus,
239 2131 386 2192 centrum
413 2125 527 2191 circuli
556 2125 657 2192 situm
680 2129 739 2190 est
784 2123 836 2190 Ex
859 2125 972 2191 eodem
995 2130 1107 2192 centro

90 2217 175 2281 alter
193 2216 332 2281 circulus
352 2215 493 2280 efficitur
512 2214 638 2279 adiecta
656 2213 830 2279 latitudine
844 2214 930 2278 valli.
960 2213 1109 2299 Utraque

87 2305 177 2370 linea
199 2304 321 2370 desinit
342 2304 378 2368 in
400 2303 537 2386 vallum,
561 2301 647 2387 quod
666 2323 783 2367 curvae
806 2301 884 2366 illae
906 2301 1011 2366 lineae
1034 2323 1110 2368 con·

88 2394 228 2459 tinuant.
273 2393 347 2458 Tali
374 2392 470 2456 modo
494 2394 566 2457 tota
595 2393 694 2475 porta
716 2390 842 2455 munita
865 2395 930 2469 est,
961 2390 1111 2456 sclavia

88 2482 193 2547 libera
230 2503 250 2546 a
285 2481 465 2546 munitione
506 2479 621 2544 relicta
658 2483 717 2544 est.
777 2475 929 2544 Ceterum
966 2478 1109 2564 effigiem

87 2570 184 2635 huius
207 2570 399 2653 claviculae,
432 2567 562 2653 qualem
590 2590 630 2632 ex
652 2565 778 2653 Hygini
805 2567 915 2632 verbis
944 2569 1110 2652 constitui,

87 2659 188 2743 paulo
223 2659 385 2724 diversam
420 2657 505 2740 apud
532 2655 736 2742 Daremberg
769 2659 802 2721 et
830 2654 943 2742 Saglio
972 2656 1109 2722 diction·

88 2747 180 2812 naire
212 2748 268 2812 des
301 2745 478 2828 antiquite's
507 2765 662 2830 grecques
695 2748 729 2809 et
760 2745 923 2810 romaines
954 2745 1109 2810 invenies.

88 2836 145 2901 Illi
168 2835 359 2901 claviculam
386 2835 549 2898 introrsus
576 2836 757 2917 vertenmt,
788 2833 823 2896 in
853 2832 938 2897 hano
968 2832 1109 2898 formam

381 2965 525 3024 try-mmmm,
550 2960 610 3025 ego
634 2939 668 3003 in
687 2939 878 3004 exteriorem
897 2942 1038 3024 partem,
1062 2940 1110 3005 ita

88 3097 157 3162 fere
184 3079 443 3172 rruryvyuuonuonullll'l'l‘)
467 3095 602 3148 urrunnun

179 3226 205 3269 c.
224 3205 277 3270 57.
312 3225 384 3271 neve
413 3206 493 3286 forto
524 3205 637 3285 ealles]
680 3201 784 3267 Malui
820 3201 990 3268 Arccriani
1024 3203 1110 3284 fossa

88 3293 184 3358 eolles
210 3293 259 3359 ita
282 3294 444 3378 corrigere
472 3315 572 3379 quam
595 3313 667 3357 cum
691 3291 817 3376 Langio
847 3291 987 3357 scribere
1008 3291 1111 3373 fossae

88 3387 146 3447 out
166 3383 269 3461 colles,
294 3382 458 3466 quianon
482 3381 652 3448 credebam
676 3379 746 3444 fieri
768 3401 879 3464 posse,
906 3383 944 3445 ut
966 3401 1024 3464 per
1047 3380 1110 3446 fos·

90 3492 143 3536 sas
168 3471 328 3558 exercitus
350 3475 409 3536 aut
432 3472 593 3537 exercitus
610 3489 697 3554 pars,
721 3471 843 3554 quanta
864 3469 1020 3552 perniciei
1039 3491 1110 3536 esse

88 3564 215 3643 posset,
237 3581 380 3644 unquam
404 3561 574 3644 obreperet
597 3557 724 3624 castris.

142 3673 263 3726 Gemoll,
282 3674 396 3724 Hyginus.
931 3668 947 3716 2
