2646 4136
197 223 241 287 22
644 219 776 277 HYGINI
818 306 819 309 Ἰ

95 401 185 472 raabl
199 385 273 450 dere
293 385 299 470 Ι
319 385 438 450 debent
457 389 489 450 et
508 384 640 470 duplam
662 383 854 469 pedaturam
873 383 1027 468 recipere,
1045 384 1132 469 quod
1148 389 1228 453 ten·

195 474 288 538 toriis
312 473 489 539 maioribus
516 476 659 538 utantur.
708 472 932 556 Primipilares
960 472 1060 538 etiarn
1088 477 1122 538 et
1145 497 1225 542 evo-

196 563 262 629 cati
284 563 320 628 in
343 562 458 628 eadem
479 562 638 646 pedatura
660 561 769 626 locum
793 561 964 645 accipiunt.
1026 563 1055 626 7.
1077 561 1226 647 Equites

195 651 395 736 praetoriani
418 651 521 716 latere
545 650 658 716 dextro
681 649 847 734 praetorii,
871 649 1054 734 singulares
1077 651 1225 736 impera-

168 740 278 805 ctoris
302 739 405 806 latere
428 739 572 805 sinistro.
602 738 746 815 Quorum
767 738 795 802 si
814 738 920 803 maior
936 760 1090 804 numerus
1107 741 1224 827 fuerit,

195 831 314 912 utputa
338 829 519 912 singulares
541 825 613 912 Du,
642 826 841 910 praetoriani
864 823 961 912 000,
986 831 1140 911 potenmt
1162 828 1222 897 CL

197 917 381 1002 singulares
405 918 440 982 in
462 917 568 1002 striga
593 915 875 1000 praetorianorum
903 915 1044 982 tendere.
1092 917 1147 983 Ita
1168 919 1223 1004 fit,

195 1009 233 1070 ul
257 1009 289 1071 et
311 1006 382 1089 pari
405 1027 542 1070 numero
562 1003 714 1088 dispositi
733 1003 922 1070 decuriones
941 1007 974 1068 et
994 1005 1112 1090 reliqui
1129 1009 1222 1091 prin-

197 1094 319 1177 cipales
344 1115 456 1159 eorum
479 1093 572 1158 binos
597 1113 696 1177 equos
715 1092 917 1176 possidentes
935 1095 1127 1178 propensius
1147 1100 1223 1162 ten·

96 1197 188 1269 1181,
199 1183 287 1248 dant.
332 1181 378 1246 Et
405 1183 435 1246 si
461 1181 569 1246 minor
594 1201 748 1246 numerus
779 1179 1000 1268 utrorumlque
1032 1183 1143 1269 fuerit,
1179 1190 1222 1250 ut

154 1307 182 1346 11
196 1270 342 1336 centenis
360 1270 523 1354 equitibus
542 1269 750 1354 semistrigiis
770 1269 838 1335 suis
857 1270 961 1335 laxius
980 1271 1127 1356 tendant,
1148 1295 1220 1338 non

197 1359 260 1424 erit
282 1359 523 1444 haesitandum,
553 1358 707 1444 quonium
734 1357 930 1424 officialibus
954 1359 1051 1423 lateri
1082 1361 1219 1428 sinistro

195 1447 355 1532 proximis
378 1447 426 1512 ibi
448 1447 606 1532 pedatura
625 1446 824 1534 adsignetur.
871 1447 900 1512 8.
920 1446 1044 1523 Quodsi
1062 1449 1219 1516 cohortes

195 1536 382 1620 praetoriae
403 1536 545 1620 impares
565 1539 717 1620 acceptae
735 1536 866 1618 fuerint,
887 1534 1040 1619 quoniam
1061 1559 1220 1605 numerus

156 1642 183 1684 1⁵
198 1628 231 1689 et
254 1625 303 1689 dis
328 1625 425 1690 ositio
444 1625 558 1690 dextra
580 1626 737 1710 laevaque
760 1624 917 1708 praetorii
941 1624 1218 1712 semistrigiorum

197 1647 373 1797 aparilrus
401 1735 472 1778 esse
499 1713 630 1792 debent,
663 1713 735 1778 loco
764 1712 907 1777 cohortis
936 1713 1061 1798 equites
1084 1720 1218 1798 praeto-

195 1801 281 1866 riani
313 1805 483 1886 ponentur.
529 1801 717 1888 Singulares
750 1803 861 1866 autem
889 1801 1014 1885 equites
1047 1803 1076 1867 si
1103 1803 1218 1872 DOOO

197 1894 254 1955 aut
271 1889 408 1956 DOCCO
432 1889 566 1974 fuerint,
589 1889 662 1974 pari
679 1911 813 1955 numero
833 1889 972 1974 integris
996 1891 1109 1976 strigis
1133 1893 1215 1958 late·

195 1978 289 2044 ribus
312 1979 445 2044 tendere
468 1978 644 2057 debebunt,
677 1979 705 2042 si
728 1977 770 2042 ad
791 1977 822 2042 D
846 1977 981 2064 fuerint,
1013 1981 1219 2068 semistrigia

154 2085 183 2124 ao
197 2067 244 2131 eis
268 2066 442 2132 sufficiant.

95 2175 183 2241 rosal
286 2155 316 2219 9.
348 2154 434 2220 Illud
457 2155 597 2220 maxime
621 2150 803 2242 ohserlvare
832 2154 1036 2240 debebimus,
1067 2161 1104 2222 ut
1127 2158 1216 2224 latus

195 2244 352 2327 praetorii
378 2265 446 2308 non
472 2244 546 2328 plus
574 2265 673 2329 quarn
694 2241 843 2309 DGOXX
869 2245 968 2328 pedes
995 2245 1217 2330 longitudinis

196 2332 345 2417 accipiat.
377 2331 430 2397 Ita
448 2333 513 2417 fiet,
535 2335 573 2397 ut
595 2331 747 2398 cohortes
770 2332 896 2416 primae
920 2336 953 2398 et
974 2335 1157 2417 praetoriae
1181 2340 1218 2401 et

195 2421 340 2505 reliquus
363 2442 529 2505 numerus,
554 2421 610 2506 qui
632 2421 735 2486 latere
757 2421 914 2505 praetorii
936 2422 1054 2507 tendit,
1076 2422 1217 2508 integris

153 2526 182 2568 2⁵
197 2509 311 2592 strigis
336 2531 394 2573 sua
417 2510 574 2594 pedatura
597 2510 718 2593 optime
742 2508 887 2574 tendant,
931 2509 1033 2595 Nam,
1056 2514 1216 2594 quantum

197 2597 237 2664 ad
274 2597 481 2662 latitudinem
518 2597 674 2681 praetorii
705 2598 807 2664 totius
840 2598 973 2683 attinet,
1010 2622 1030 2664 a
1057 2597 1141 2665 CLX
1173 2601 1215 2666 ad

196 2795 211 2843 1
226 2791 259 2845 ut
278 2788 395 2871 duplam
445 2795 462 2842 1
476 2787 627 2860 temporib.
641 2788 756 2844 maioris
771 2805 840 2846 corr.
851 2789 904 2845 aaa
974 2789 1176 2860 Primipilarib.

194 2877 259 2914 cum
278 2862 335 2914 catr
354 2875 423 2916 corr.
440 2859 522 2915 Pcat.
582 2859 748 2929 3Aequites
767 2859 938 2931 praetoriani
997 2860 1215 2931 4impcratores

231 2930 352 2986 blatere
371 2935 429 2985 suo.
450 2946 520 2987 corr.
539 2930 693 2987 Scriverius
709 2934 742 2986 ia
759 2933 882 3003 marpiue
900 2932 928 2985 A
1000 2932 1162 3002 apoterint

196 3001 268 3056 'lita
286 3001 328 3056 sic
346 3002 379 3056 ut
397 3002 499 3060 carah
549 3001 662 3057 9vincs
677 3011 786 3073 aequosj
820 3009 854 3056 10
868 3001 992 3057 virorum
1013 3005 1214 3061 1180011811

231 3079 263 3126 11
279 3071 414 3140 aequitih.
483 3072 637 3128 aemitricis
710 3072 938 3128 mussitandum
1021 3073 1093 3128 atari
1118 3077 1214 3131 vestro

193 3160 263 3199 corr.
275 3143 310 3200 L.
362 3149 396 3198 13
410 3143 607 3214 adsignaretur
680 3143 780 3200 cohors
793 3144 952 3214 praetoriae
968 3143 1082 3214 inpares
1096 3148 1214 3216 accepto

193 3213 280 3270 firerit
330 3219 364 3269 15
378 3213 471 3284 levaq.
525 3214 702 3271 centuriones
717 3214 862 3284 apartibus
900 3222 934 3272 16
945 3213 1071 3283 aequites
1110 3222 1143 3271 17
1158 3217 1213 3271 sin·

193 3284 301 3356 gularis
320 3285 414 3340 autem
433 3304 456 3343 c.
476 3287 584 3343 corula
644 3293 679 3341 18
693 3285 827 3355 sintegris
893 3292 926 3340 19
942 3285 979 3342 ad
996 3301 1048 3340 nos
1067 3303 1135 3342 corr.
1150 3287 1178 3341 L

193 3357 226 3410 ut
245 3355 334 3426 striga
352 3358 454 3414 coruli
512 3363 546 3413 1ο
562 3359 606 3412 est
624 3355 746 3410 sufficiat
764 3357 870 3414 ccrr.L
932 3363 965 3412 11
981 3355 1066 3411 Illum
1138 3357 1212 3413 latus

193 3426 259 3497 pTI.
279 3427 369 3482 actori
388 3428 522 3484 ccrr.Sclr
593 3433 628 3483 13
646 3426 731 3497 primi
751 3426 865 3482 ilarium
883 3427 1007 3482 actoriae
1070 3433 1106 3482 14
1123 3427 1213 3486 latere

190 3497 327 3568 praeterii
400 3505 433 3554 16
453 3497 565 3553 adtinet
636 3500 666 3553 at
685 3496 728 3551 CO
