2646 4136
230 269 275 336 20
674 266 807 323 HYGINI

229 435 383 498 tueantur
402 435 436 498 et
455 431 632 497 exercitum
652 430 804 517 gentibus
823 429 1021 514 imperatum
1039 451 1096 496 suo
1115 453 1262 496 numero

231 520 392 604 corporali
423 524 460 586 ut
492 543 585 587 muro
612 523 755 586 teneant.
810 518 945 595 Quando
979 522 1087 584 autem
1121 521 1263 604 supple-

231 612 341 674 menta
363 608 460 693 plura
482 609 617 693 fuerint,
640 609 698 675 ubi
719 629 850 674 necesse
874 611 925 672 est
948 607 1092 674 cohortis
1115 609 1261 691 pedatu-

233 719 305 762 ram
332 697 518 783 extendere,
533 701 680 770 ,servata
711 696 886 761 latitudine
915 696 1119 782 semistrigii,
1151 697 1262 762 etiarn

206 785 313 871 epodo
338 791 505 872 manente,
536 786 586 851 ita
608 785 818 866 mutabimus,
840 789 878 850 ut
901 795 974 868 quis
996 784 1060 850 fuit
1082 783 1172 851 CXX
1197 809 1262 871 per

234 873 393 960 CLXXX,
426 875 474 940 sic
505 875 550 940 sit
580 871 637 940 XC
669 895 728 958 per
750 871 864 939 CCXL
896 873 931 939 in
962 873 1096 940 modurn
1126 873 1260 941 formae

234 963 414 1048 subiectae,
449 964 502 1029 vel
529 962 587 1028 LX
617 983 677 1046 per
707 958 862 1046 CCCLX,
895 961 1046 1027 similiter
1078 966 1115 1027 ut
1146 963 1260 1029 forma

234 1051 426 1118 ostenditur.
466 1049 561 1116 XXX
584 1051 670 1116 enim
692 1050 790 1135 pedes
812 1072 872 1135 per
884 1047 1034 1116 DCCXX
1053 1051 1170 1117 cohors
1190 1075 1259 1118 una

234 1144 385 1224 occupat3
407 1161 502 1224 nunc,
525 1139 676 1223 quotiens
699 1138 840 1204 latitudo
864 1139 1055 1224 duplicatur,
1078 1139 1258 1225 longitudo

138 1242 223 1314 rath,
233 1229 358 1313 pariter
381 1227 553 1293 minuetur.
574 1230 578 1310 Ι
600 1227 724 1305 Quodsi
743 1227 890 1313 legiones
908 1227 1019 1311 plures
1034 1230 1257 1313 acceperimus

192 1334 218 1374 11
233 1321 266 1382 ot
289 1316 515 1400 supplementa
537 1316 707 1400 pauciora,
736 1320 773 1382 ut
794 1315 1014 1382 necessarium
1038 1317 1082 1381 sit
1106 1318 1255 1384 cohortis

232 1405 318 1470 circa
341 1404 465 1470 vallum
489 1404 633 1470 crebrius
652 1426 783 1489 ponere,
806 1405 1025 1470 convertimus
1046 1405 1256 1490 pedaturam:

233 1493 320 1579 quod
342 1493 442 1558 fuerit
461 1493 573 1580 signis,
594 1493 746 1559 tabulino
766 1494 841 1579 erit3
865 1515 951 1559 nunc
968 1493 1169 1580 semistrigia
1184 1517 1257 1560 mu·

231 1582 376 1648 tabimus
395 1582 522 1648 ratione
545 1586 698 1648 tensurus
718 1603 803 1648 suae.
837 1581 1001 1666 Cuiusque
1024 1583 1153 1668 generis
1178 1584 1256 1649 sub-

193 1686 219 1728 15
232 1671 377 1737 iecimus.
409 1670 595 1756 Aliquando
615 1671 742 1736 cohorti
756 1669 810 1736 CL
826 1691 885 1754 per
903 1669 956 1736 CL
975 1670 1059 1736 solet
1077 1671 1257 1758 adsignari,

233 1759 304 1845 sed,
335 1761 372 1825 in
401 1763 560 1844 quantum
588 1759 658 1824 ficri
684 1763 807 1844 potest,
844 1758 981 1824 deviari
1015 1758 1111 1825 debet
1137 1761 1176 1826 de
1207 1783 1257 1846 eo,

233 1849 320 1933 quod
348 1849 516 1914 centuriae
546 1870 604 1914 suo
638 1848 749 1914 ordine
780 1847 912 1912 tendere
941 1869 1008 1913 non
1034 1851 1191 1932 poterunt
1222 1854 1256 1914 et

232 1936 392 2021 pedatura
419 1937 564 2003 cohortis
597 1959 660 2002 una
687 1940 781 2020 parte
807 1936 999 2020 nudabitur,
1032 1937 1116 2002 sicut
1147 1937 1256 2004 forma

233 2026 380 2090 subiecta
403 2028 462 2090 est.

193 2129 220 2169 2⁰
323 2113 353 2178 3.
384 2110 509 2178 Cohors
532 2112 640 2196 prima
659 2133 756 2178 causa
775 2112 944 2197 signorum
964 2117 996 2178 et
1015 2113 1144 2197 aquilae
1166 2115 1255 2180 intra

135 2215 224 2288 trib,
234 2203 320 2267 viam
343 2197 561 2288 sagallariam,
585 2204 618 2265 et
636 2200 791 2285 quoniam
804 2201 938 2285 duplum
955 2223 1126 2266 numerum
1144 2202 1256 2289 habet,

235 2291 366 2377 duplam
388 2289 580 2375 pedaturam
604 2289 752 2374 accipiet,
774 2293 892 2372 utputa
916 2290 1018 2374 signis
1041 2289 1140 2373 pedes
1157 2289 1255 2378 CXX,

233 2379 382 2445 tabulino
410 2378 508 2462 pedes
532 2376 683 2462 CCCLX,
710 2378 761 2442 vel
789 2378 890 2463 signis
915 2376 1075 2462 CLXXX,
1103 2380 1253 2446 tabulino

234 2469 333 2554 pedes
356 2465 483 2551 CCXL3
523 2467 648 2532 formae
680 2467 782 2550 ratio,
814 2470 851 2531 ut
882 2467 1038 2551 reliquae.
1091 2467 1199 2553 Igitur
1226 2470 1254 2534 si

192 2573 221 2615 aa
235 2557 382 2640 legiones
405 2556 561 2640 impares,
588 2554 651 2620 hoc
674 2556 726 2618 est
747 2557 813 2618 tres
837 2559 989 2640 acceptae
1011 2555 1144 2641 luerint,
1172 2557 1254 2623 duae

234 2645 359 2729 primae
382 2643 539 2708 lateribus
562 2642 721 2726 praetorii
749 2665 808 2728 per
830 2645 973 2728 rigorem
996 2645 1069 2710 viae
1092 2646 1253 2730 sagulatis

237 2855 391 2911 lmeatum
409 2869 479 2909 corr.
493 2851 520 2906 L
575 2850 636 2906 tin
654 2867 733 2906 muro
753 2868 819 2907 sene
838 2869 908 2910 corr.
923 2853 1008 2912 Soloe.
1035 2907 1039 2915 ,
1063 2871 1096 2908 su
1116 2853 1253 2937 plimenta

232 2927 336 2997 aplura
389 2923 502 2980 cohors
526 2939 595 2979 corr.
604 2922 659 2979 acu
712 2923 927 2980 textenderere
945 2926 1060 2996 servati
1103 2924 1259 2981 trtudinem

235 3013 305 3054 corr.
325 2995 380 3052 Scis
451 2992 588 3048 emistrici
607 2997 637 3049 et
654 2993 685 3047 id
757 2995 914 3050 tmanenti
933 2996 991 3051 iam
1008 2996 1179 3051 mutavimus

236 3064 552 3122 cromaetsubiecuum
599 3063 701 3124 auiae
720 3064 780 3120 XX.
799 3066 933 3122 corudct
985 3065 1050 3123 utu
1113 3066 1254 3138 9duppli·

237 3139 323 3195 catur.
398 3143 432 3192 10
450 3135 540 3207 partis
558 3136 668 3220 minuet
685 3152 755 3193 corr.
763 3136 798 3192 L.
864 3137 947 3206 quod.
1013 3145 1046 3192 11
1065 3137 1253 3210 supplimenta

235 3247 375 3332 pau'cora¹
401 3213 593 3316 necessariulht
631 3267 664 3316 12
677 3260 786 3317 ballum
830 3262 1014 3332 perdaturam
1051 3268 1084 3318 13
1097 3261 1253 3318 tabulinum

235 3337 274 3388 nu
293 3333 426 3388 senestra.
501 3339 535 3387 14
554 3331 740 3387 subieciemus
792 3338 826 3389 15
844 3321 940 3402 aliqua
958 3334 1059 3389 cohors
1078 3350 1146 3390 corr.
1166 3333 1219 3389 Set

238 3409 271 3458 16
281 3401 411 3458 dubitari.
459 3403 633 3474 lipoterint.
683 3409 716 3482 lp
729 3420 786 3458 uno
804 3402 913 3474 pariter
930 3421 999 3462 corr.
1010 3405 1063 3461 Solu
1112 3411 1147 3460 20
1161 3403 1252 3474 aquile

235 3480 270 3602 ἐξ
284 3473 492 3616 &effiginam
510 3492 579 3532 corr.
599 3475 683 3532 sum.
755 3474 843 3530 habes
893 3481 929 3531 24
942 3475 1046 3545 reliqui
1095 3481 1130 3531 26
1143 3475 1251 3546 inpares
