2646 4136
217 251 237 321 a
615 250 833 307 11111111.
931 285 937 296 .

217 416 408 499 sequuntur,
445 411 519 478 ‘sed
550 435 684 479 numero
717 412 793 478 suo'
830 434 899 478 non
931 412 1083 480 omittam
1114 413 1239 500 Langii

216 525 247 587 p.
269 503 331 568 126
355 501 596 569 adnotationem
621 501 761 568 ‘videtur
783 499 938 586 Hyginus
957 501 1063 568 dicere
1081 503 1238 588 voluisse,

215 591 302 655 hanc
325 589 506 678 (cohortem
528 589 756 676 legionariam)
783 611 919 657 numero
946 594 1134 675 sequentem
1162 613 1238 656 esse

216 679 333 744 debere
355 679 388 745 h.
406 699 432 744 e.
455 677 627 764 quartam'.
664 678 811 758 Ridicule
830 678 961 762 dictum,
984 679 1172 763 significant
1196 701 1238 746 ea
1319 735 1320 748 .

216 768 409 851 corbanan
427 787 530 852 aequo
550 768 706 833 maiorem
723 767 793 832 eius
812 765 954 832 cohortis
972 789 1143 832 numerum
1163 789 1237 834 esse

216 856 341 940 debere,
363 859 399 921 ut
422 855 565 940 spatium
586 855 823 921 valetudinario
847 857 907 920 etc.
930 857 1081 939 supersit.

305 949 341 1010 ul
362 943 462 1008 LXX
482 945 576 1026 pedes
601 945 865 1010 valetudinarium
890 948 921 1008 el
945 944 1067 1026 1111111
1089 981 1131 992 -
1154 946 1236 1010 ucci-

211 1034 323 1116 piunt]
349 1029 465 1098 Schele
488 1036 521 1097 et
538 1032 649 1117 Lange
671 1032 853 1098 reiecerunt
874 1030 976 1116 LXXj
999 1033 1055 1098 sed
1078 1033 1237 1117 quoniam

215 1121 373 1205 primaria
396 1121 449 1185 lex
472 1121 605 1187 editoris
629 1123 693 1200 est,
716 1122 758 1186 ab
782 1120 953 1203 archetypi
980 1120 1142 1204 scriptura
1164 1122 1237 1188 sine
1318 1183 1320 1206 ὲ

217 1231 316 1275 causa
337 1230 405 1273 non
426 1209 587 1292 recedere,
619 1209 786 1274 Arccriani
813 1230 984 1274 numerum
1006 1206 1095 1274 LXX
1125 1209 1235 1276 defen-

217 1299 292 1362 dere
316 1297 466 1362 conabor.
511 1295 661 1382 Hyginus
688 1319 755 1362 non
783 1297 862 1363 dicit
885 1293 990 1360 ‘LXX
1012 1319 1070 1381 per
1092 1298 1236 1384 longitu-

217 1383 337 1450 dinem'
351 1385 406 1449 vel
419 1383 648 1450 ‘latitudinem'
662 1407 767 1470 neque
780 1387 885 1452 utitur
902 1384 964 1450 hac
976 1385 1119 1452 formula
1133 1385 1237 1452 ‘LXX

217 1473 316 1557 pedes
343 1494 402 1556 per
507 1473 628 1558 pedes',
660 1475 717 1540 sed
744 1476 779 1540 in
805 1477 992 1541 universum
1019 1473 1107 1540 LXX
1134 1474 1235 1558 pedes

217 1562 379 1645 assignat3
404 1562 501 1627 etiam
521 1561 560 1626 de
579 1563 737 1628 divisione
755 1564 998 1650 assignatorum
1016 1563 1134 1646 pedum
1150 1564 1236 1630 silet.

218 1649 324 1726 Quare
347 1650 463 1735 opinor
485 1649 573 1714 LXX
595 1651 731 1735 pedibus
755 1653 926 1736 minimum
950 1651 1092 1734 spatium
1110 1651 1235 1737 signifi-

217 1739 294 1822 cari,
312 1738 397 1803 infra
417 1739 503 1824 quod
521 1739 793 1806 valetudinarium
812 1743 873 1806 ete.
892 1737 1023 1805 tendere
1040 1761 1105 1804 non
1119 1741 1235 1823 possit.
1316 1789 1317 1826 p

217 1827 392 1894 Praeterea
414 1827 573 1911 pedatura
591 1829 796 1913 nonubiqae
815 1831 965 1894 accurate
984 1828 1157 1893 observata
1176 1831 1234 1910 cst,

217 1914 470 1980 commonefacio
486 1916 643 1982 lectorem
657 1937 872 2002 scamnorum,
885 1937 984 2000 porro
999 1915 1136 2001 scholae,
1150 1939 1234 2000 quae

218 2004 380 2087 quomodo
404 2003 573 2086 assignata
595 2003 704 2087 fuerit,
727 2005 799 2088 quis
823 2005 952 2088 estqui
977 2004 1082 2069 dicere
1104 2005 1232 2088 possit?

308 2112 333 2156 c.
357 2091 387 2156 8.
418 2091 686 2172 semblnpiorcna]
716 2089 747 2156 Α
769 2093 959 2158 walonicam
980 2091 1094 2172 habet,
1121 2091 1233 2178 Lange

218 2179 426 2244 1111111111.
464 2177 526 2244 sed
548 2179 661 2262 pusilli
684 2179 827 2246 hominis
850 2179 977 2246 videtur
999 2181 1175 2264 postulare,
1197 2184 1234 2247 ut

217 2267 389 2351 dispositio
422 2269 455 2332 et
486 2289 639 2334 numerus
673 2268 890 2333 tentoriorum
926 2269 1040 2334 dextra
1076 2270 1233 2354 laevaque

217 2355 374 2441 praetorii
396 2356 588 2422 consentiat.
1111 2367 1115 2372 '

306 2466 332 2509 c.
354 2444 404 2508 11.
432 2445 499 2510 uris
515 2445 668 2510 institutis
684 2445 720 2510 11
736 2443 802 2526 fori
812 2450 905 2527 purte
922 2447 1000 2528 ima]
1025 2444 1101 2512 Non
1121 2445 1233 2512 adsen-

217 2531 284 2596 tior
306 2531 432 2616 Langio
455 2532 662 2598 contendenti
685 2531 731 2597 ‘in
751 2532 904 2598 formam'
935 2534 1056 2599 dictum
1079 2556 1150 2600 esse
1173 2557 1232 2619 pro

218 2619 264 2685 ‘in
281 2619 413 2684 modum
431 2619 576 2686 formae'.
609 2619 734 2687 Deinde
754 2619 788 2686 O.
801 2620 837 2686 F.
851 2621 1019 2688 Hermann
1036 2644 1103 2689 nou
1122 2623 1233 2688 debuit
1306 2675 1309 2686 .

218 2730 243 2773 c.
262 2708 306 2773 22
330 2707 380 2773 ‘in
402 2712 495 2792 parte
524 2709 591 2774 ima
614 2708 789 2794 exponam'
813 2731 1001 2795 comparare
1025 2733 1098 2777 cum
1120 2715 1232 2777 nostro

216 2797 298 2862 loco.
343 2795 477 2880 Forma,
504 2819 586 2882 quae
610 2797 650 2863 ad
673 2798 794 2863 calcem
820 2799 898 2864 libri
922 2799 1138 2884 additament,
1166 2822 1232 2865 non

216 2887 259 2950 ad
277 2888 455 2952 extremam
473 2887 534 2968 vel,
553 2908 618 2971 qua
636 2908 714 2951 voce
734 2908 759 2951 c.
772 2888 815 2952 22
829 2886 981 2972 Hyginus
995 2888 1109 2971 utitur,
1130 2889 1231 2954 imam

216 2977 343 3057 partem
366 2973 454 3058 libri,
477 2974 533 3038 sed
557 2973 596 3041 ad
619 2977 727 3040 totum
750 2976 871 3040 librum
893 2975 1086 3058 pertinebat.

306 3083 332 3127 c.
352 3061 402 3126 16.
431 3063 486 3128 ala
506 3064 711 3146 quinquadria
734 3069 854 3130 turnus
875 3063 965 3128 babet
977 3064 1073 3147 XVI,
1095 3065 1228 3130 1111111-

216 3169 269 3216 ucs
291 3150 464 3235 1111111111,
484 3156 582 3234 proca
602 3173 749 3218 acuamus
772 3157 960 3238 turmarum,
982 3153 1118 3235 amplius
1139 3173 1228 3236 equos

216 3239 364 3304 1111111
384 3259 480 3322 supro
493 3240 658 3322 LXIIII]
681 3240 793 3325 Lange
817 3241 948 3325 scripsit
968 3242 1103 3324 rellpaos
1125 3246 1159 3307 et
1179 3264 1228 3306 re·

216 3327 316 3392 tinuit
337 3327 506 3395 Arceriani
528 3350 705 3412 11111111,
736 3329 821 3414 quod
843 3333 1016 3416 atrumque
1039 3351 1079 3396 ex
1100 3350 1228 3414 praece·
1319 3369 1320 3372 =

216 3413 314 3480 dente
335 3415 608 3502 compesceret.
659 3416 721 3482 Sed
749 3417 906 3502 offendor,
933 3419 1019 3504 quod
1036 3423 1133 3501 proed
1159 3440 1231 3484 con·
1318 3397 1320 3458 i

217 3502 340 3571 iunctio
365 3507 584 3590 comparativa
608 3510 657 3571 est
676 3509 709 3570 et
728 3506 931 3571 enuntiatum
949 3507 1111 3572 desiderat
1129 3529 1233 3592 neque
