2646 4136
501 255 719 315 PRAEFATIO
1097 247 1120 322 5

101 421 249 510 proxime
272 418 314 485 ab
338 418 441 485 altera
464 417 671 501 exprimatur
684 416 818 506 Itaque
835 439 931 484 ausus
951 440 1023 485 sum
1042 419 1119 484 scri-

104 511 181 576 bere
204 505 366 588 aalma,
388 527 451 592 quo
474 506 576 572 verbo
598 527 731 590 prorsus
750 506 850 572 simili
868 507 993 574 ratione
1016 507 1121 573 utitur

102 597 159 682 Hy
137 597 255 699 yginus
283 618 308 662 c
332 557 374 662 sb
403 593 456 660 ad
479 615 574 660 suum
601 594 737 679 quisque
768 617 940 662 numerum
965 596 1121 662 coabbati

101 687 280 754 anemae
266 687 389 750 l.etc
408 683 461 748 49.
506 682 652 750 Litterae
679 686 736 748 ιιιι
737 704 789 748 em
812 684 847 750 in
867 685 1044 751 Ameriano
1069 707 1121 751 ex·

104 778 231 842 stantes
266 794 333 840 non
368 771 554 872 infringunt
589 793 697 838 meam
733 772 973 839 comestionem
1026 771 1120 840 Duas

103 863 230 949 priores
252 861 398 945 syllabae
419 861 532 926 cuniam
538 860 696 1013 proxime
715 860 871 926 accedunt
888 860 929 926 ad
951 860 1033 927 illud
1051 881 1121 927 cum

102 972 174 1035 ceu,
207 954 241 1015 et
261 969 342 1032 prce
369 970 408 1014 ex
431 948 472 1014 cli
498 948 577 1014 oriri
603 952 662 1033 pot
662 949 749 1014 uisse
775 950 934 1033 probabo.
978 949 1121 1034 Praepo-

104 1001 257 1107 sitibuem
274 1058 355 1140 prae
373 1036 561 1121 saepissime
579 1038 615 1102 in
632 1037 796 1104 codicibus
815 1060 873 1122 per
894 1038 1121 1122 compendium

105 1127 299 1211 scriptam
290 1125 447 1208 inveniam
480 1147 506 1194 c.
529 1146 560 1211 g.
582 1126 617 1192 in
639 1125 708 1192 cod
732 1124 878 1192 Gudiano
901 1126 1121 1193 bibliothecae

105 1215 377 1300 Guelferbytanae
402 1214 467 1280 105
489 1215 525 1280 in
546 1214 631 1280 libro
654 1213 778 1300 Hygini
801 1214 840 1282 de
863 1215 1023 1281 limitibus
1046 1236 1121 1280 con·

106 1304 280 1371 stituendis
299 1304 456 1388 scriptum
475 1306 526 1369 est
539 1300 585 1389 (p.
598 1303 662 1368 170
675 1301 864 1370 Lachmann
882 1303 1122 1390 agrimensores

105 1390 247 1478 romani)
265 1391 435 1475 coupbcmi
452 1412 512 1474 pro
531 1391 761 1474 ceupruchcudi,
780 1391 866 1477 quod
879 1391 1069 1458 Lachmann
1086 1392 1123 1456 in

105 1482 264 1548 varietate
288 1479 466 1545 lectionum
489 1479 610 1562 omisit,
632 1499 693 1563 ego
714 1483 823 1546 autem
847 1479 975 1546 affirmo
997 1481 1046 1546 ita
1070 1502 1122 1547 ex-

105 1572 203 1652 s,tare
225 1569 282 1652 qui
303 1568 373 1651 ipse
396 1566 542 1631 viderim.
593 1565 727 1632 Ροιιο
718 1589 751 1632 m
775 1568 844 1634 cod.
867 1565 893 1632 O
917 1569 995 1632 libri
1016 1570 1123 1635 nostri

107 1658 158 1724 de
186 1619 422 1722 munitionibus
450 1652 648 1720 castrorum'
677 1676 704 1719 c.
726 1655 769 1720 23
793 1655 971 1738 p'torldptuc
997 1653 1123 1741 (Lange

106 1743 185 1833 om.)
209 1745 448 1828 scriptumest.
496 1742 566 1808 Iam
590 1742 738 1827 suspicor
760 1742 932 1808 librarium
954 1742 1123 1809 Arcoriani

100 1836 139 1919 pl
161 1855 220 1918 pro
244 1832 373 1918 syllaba
395 1832 437 1897 cti
458 1831 591 1917 legisse,
619 1853 718 1916 quam
739 1831 774 1896 in
797 1831 976 1915 archetypo
999 1832 1124 1896 invenit

106 1920 390 2007 etcompeudinm
413 1920 493 1986 satis
516 1921 664 1986 notum
654 1942 690 1984 ιιι
706 1939 786 2002 prce
809 1920 954 1984 solvisse.

195 2011 239 2078 ud
258 2009 386 2094 plebum
414 2008 560 2092 ῑεθιοιιιι
586 2013 631 2074 cst
656 2005 867 2092 compilata*
897 2029 935 2074 cc
956 2008 1102 2091 qulbus
1088 2029 1124 2074 au

106 2101 223 2184 cupillis
243 2098 520 2179 ausiliacus]
557 2095 723 2182 Langep.
748 2097 849 2164 110
839 2100 950 2164 invent
951 2119 1007 2163 um
1030 2119 1125 2163 suum

107 2191 143 2254 iu
161 2188 277 2272 cipiliis
290 2186 381 2254 XVI
396 2191 487 2252 aaut
507 2187 593 2251 frust
578 2190 631 2251 tra
648 2185 801 2251 defendit.
830 2183 1041 2270 computavit
1064 2186 1124 2252 ita.

107 2277 277 2361 octoginta
301 2274 460 2340 militibus
488 2277 618 2339 constat
641 2274 800 2357 centuria,
833 2274 889 2338 sed
918 2273 1023 2340 tendit
1051 2277 1124 2340 octo

108 2367 238 2430 tantum
259 2362 451 2448 papiliones,
480 2383 617 2446 quorum
639 2383 722 2428 unus
746 2363 883 2446 quisque
907 2365 980 2428 octo
1003 2361 1125 2426 milites

107 2454 205 2538 tegit3
224 2472 301 2538 ergo
321 2450 400 2516 XVI
422 2451 544 2516 milites
563 2450 683 2534 reliqui
702 2450 736 2516 in
754 2450 897 2516 excubiis
917 2453 1020 2514 erunt.
1047 2450 1124 2516 Per·

109 2541 221 2626 spicua
244 2544 294 2606 est
316 2540 378 2606 viri
401 2539 571 2606 temeritas
590 2541 624 2603 et
641 2539 834 2604 militarium
856 2560 965 2604 rerum
983 2539 1125 2606 inscitia.

109 2629 190 2706 Quis
215 2629 302 2694 enim
325 2627 474 2714 quintam
501 2631 628 2712 partem
651 2627 815 2696 centuriae
838 2627 873 2693 in
895 2627 1026 2713 vigilias
1049 2628 1126 2692 mit-

108 2717 181 2786 tat?
218 2716 340 2784 Tamen
367 2719 480 2782 nostro
511 2715 584 2781 loco
617 2716 797 2800 simplicem
824 2716 1012 2800 vigiliarum
1040 2715 1126 2780 ordi-

109 2827 185 2873 nem
207 2805 323 2871 habes:
346 2804 423 2889 quid
445 2804 512 2888 fiet,
535 2825 607 2868 cum
630 2805 808 2889 imperator
830 2826 870 2869 ex
888 2803 1012 2889 Hygini
1034 2825 1126 2886 prae

110 2898 204 2979 cepto
229 2915 255 2960 c.
268 2893 311 2962 52
331 2892 506 2960 ‘armorum
526 2892 692 2958 ordinibus
707 2892 774 2958 1111
791 2897 899 2958 castra
917 2890 1126 2956 muniverit'?

110 2981 233 3066 Scripsi
259 2982 405 3048 mauultl
435 3003 495 3065 pro
528 2980 673 3046 codicum
699 2981 844 3064 slupulis,
881 2980 966 3064 quod
996 2979 1125 3044 infinito

110 3070 302 3156 pronomine
332 3070 492 3137 numerali
523 3069 618 3135 nobis
651 3091 733 3152 opus
767 3072 829 3152 est,
864 3089 942 3134 nam
968 3067 1007 3133 dc
1035 3072 1126 3134 certo

110 3163 245 3226 numero
272 3158 414 3226 militum
441 3181 458 3223 e
481 3157 627 3223 centuria
654 3157 697 3232 ad
723 3157 874 3222 excubias
902 3157 1127 3241 delegatorum

110 3248 195 3315 nihil
212 3248 308 3313 nobis
327 3249 465 3330 constat,
477 3250 648 3331 praeterea
664 3245 809 3311 uouuulli
826 3244 1011 3312 litterarum
1029 3243 1128 3310 ductu

111 3336 364 3402 commendatur.
382 3371 426 3384 -
443 3335 515 3401 Iam
537 3334 638 3418 vides,
661 3355 718 3399 cur
731 3332 842 3420 Lange
859 3334 903 3398 cd
913 3333 1042 3415 plcuum
1060 3353 1126 3398 ocu-

111 3427 229 3492 turium
252 3423 435 3490 coniecerit.
479 3422 562 3490 Toto
587 3422 693 3506 capite
722 3421 761 3486 de
785 3421 930 3489 centuria
958 3421 1013 3507 agi
1035 3425 1128 3505 puta·

112 3513 176 3580 bat
209 3511 272 3578 Sed
290 3511 385 3596 falso,
407 3534 483 3578 uam
505 3512 544 3577 de
563 3511 667 3597 striga
685 3510 825 3594 scriptor
844 3510 1001 3595 exposuit,
1023 3511 1128 3595 prius·
