2646 4136
211 243 256 310 34
654 241 787 298 HYGINI

301 405 354 471 44.
385 404 494 472 Erunt
520 405 630 490 itaque
657 405 815 472 lateribus
844 404 995 472 cohortes
1017 404 1110 485 XVI,
1141 428 1238 491 prac-

212 495 347 562 tendent
375 499 408 559 et
434 494 605 560 retendant
628 499 785 580 quattuor
811 495 917 578 milia,
948 498 982 560 et
1005 494 1152 580 singulae
1174 494 1237 560 LX

212 605 270 668 per
293 579 447 668 OOOLX3
475 584 603 668 reliqua
626 587 782 668 quattuor
804 583 898 648 milia
919 583 1007 648 intra
1029 583 1116 649 viam
1139 603 1238 668 sagu-

212 674 323 739 larem.

186 777 200 820 1
301 760 356 828 45.
386 760 606 846 inquantum
633 762 739 846 potui,
767 759 896 826 domine
924 759 1040 845 frater,
1067 781 1126 844 pro
1154 761 1236 826 tiro·

213 851 299 916 cinio
323 871 394 916 meo
418 850 453 916 in
472 851 563 916 brevi
586 871 699 915 omnes
719 853 867 916 auctores
886 871 959 915 aum
976 853 1176 934 persecutus,
1201 853 1237 915 et

122 938 124 942 ’
213 938 368 1026 quidquid
400 939 486 1004 circa
513 940 783 1023 compositionem
811 942 991 1004 castrorum
1023 938 1235 1004 aestivalium

213 1028 440 1110 instituerunt,
462 1027 498 1092 in
520 1027 583 1094 hoc
606 1027 733 1110 libello,
754 1028 944 1112 priusquam
965 1048 1117 1092 numeros
1140 1028 1236 1093 insti·

213 1120 353 1198 tuorem,
385 1117 446 1184 sub
478 1116 606 1180 ratione
639 1117 749 1182 omnia
781 1115 953 1182 declaravi.
1002 1115 1170 1200 Principia
1199 1118 1236 1181 in

174 1221 200 1262 1⁰
213 1205 304 1271 omni
318 1203 536 1287 inceptstioue
550 1203 739 1270 metationis
754 1203 924 1271 scribendo
937 1204 1047 1270 nullus
1067 1210 1180 1270 auctor
1198 1205 1235 1270 in

116 1293 300 1378 135b1hunc
313 1292 400 1358 diem
414 1292 565 1376 ostendit,
587 1294 722 1377 propter
742 1292 746 1376 Ι
767 1292 852 1377 quod
866 1314 961 1376 spero
981 1293 1236 1359 solticitudinem

212 1385 360 1448 nostram
383 1381 480 1467 digne
502 1381 565 1448 tibi
587 1381 795 1465 placituram.
853 1382 907 1447 46.
929 1381 1149 1466 Exposuimus
1172 1383 1235 1447 ita·

214 1491 276 1556 que
300 1470 447 1556 singulas
467 1471 592 1554 species
611 1474 644 1536 et
661 1471 850 1536 universum
868 1471 1046 1536 exereitum
1065 1471 1132 1536 suis
1151 1471 1235 1537 locis

192 1559 457 1638 constituimus,
494 1558 696 1624 ostendimus
724 1559 838 1642 etiam,
870 1559 900 1625 si
926 1567 1094 1624 necessum
1124 1559 1235 1644 fuerit,

174 1663 200 1706 1⁶
215 1648 288 1733 quis
310 1669 464 1716 numerus
492 1648 689 1714 commutari
716 1647 843 1713 debeat
889 1647 1011 1724 Quodsi
1034 1648 1105 1713 alae
1128 1649 1163 1712 in
1185 1671 1235 1713 re·

214 1741 345 1804 tentura
365 1737 494 1823 positae
516 1736 639 1803 fuerint
665 1740 699 1801 ct
721 1736 847 1821 pedites
875 1737 910 1800 in
932 1740 1143 1821 praetentum
1166 1738 1236 1803 sive

214 1826 366 1893 cohortes
385 1825 560 1911 equitatae,
573 1825 666 1890 nulla
679 1825 874 1891 necessitate
888 1831 1033 1910 cogente,
1052 1826 1122 1891 sine
1135 1826 1236 1892 dnbio

214 1915 386 1982 metatoris
409 1914 591 1998 imperitiae
620 1914 749 1999 signum
777 1917 836 1980 est.
880 1913 969 1980 Illud
990 1915 1089 1999 plane
1110 1916 1237 1998 poterit
1310 1933 1311 1980 1

215 2002 396 2086 observari,
427 2005 477 2085 ut,
514 2003 544 2067 si
575 2001 725 2068 cohortes
759 2003 923 2087 equitatus
955 2003 990 2068 in
1022 2024 1060 2069 eo
1093 2004 1238 2070 exercitu
1310 2015 1311 2026 ¹

174 2107 202 2147 ¹⁰
215 2091 305 2157 omni
327 2111 395 2156 non
417 2091 552 2175 fuerint,
584 2111 745 2175 ponamus
773 2093 844 2157 alae
874 2092 1103 2177 quingenarius
1126 2092 1238 2157 lateri-

114 2193 205 2267 1354),
216 2181 279 2245 bus
302 2179 494 2264 quaestorii,
522 2183 560 2245 ut
579 2179 585 2262 1
604 2183 771 2245 retentura
793 2181 975 2265 equitatum
997 2180 1127 2246 habeat.
1182 2183 1239 2247 47.

213 2269 300 2336 Nam
320 2268 405 2354 quod
425 2268 467 2334 ad
487 2267 634 2355 legiones
653 2268 829 2353 dispositas
848 2273 882 2336 et
896 2269 1090 2334 divisionem
1104 2270 1140 2334 in
1153 2270 1238 2335 duos

214 2379 367 2424 numeros
381 2357 532 2442 pertinet,
542 2357 627 2442 quod
638 2361 671 2422 et
685 2357 801 2440 peritis
816 2358 1087 2442 compositionum
1097 2357 1236 2423 difficul-
1309 2353 1310 2360 '

215 2451 302 2512 tates
326 2446 486 2530 ostendet,
508 2446 700 2512 methodum
722 2447 910 2512 metationis
929 2469 950 2512 a
967 2467 1019 2511 me
1038 2445 1236 2531 exquisitam
1307 2421 1309 2502 4

217 2691 326 2748 lerint
397 2689 498 2744 cohors
516 2688 582 2744 XVI
645 2691 868 2761 apraetendens
887 2690 1021 2747 corr.Sot
1088 2690 1239 2760 sexaginta

215 2780 267 2836 per
285 2760 401 2816 CCCLX
495 2759 633 2830 3reliqui
719 2761 902 2832 btyrooinio
982 2760 1098 2817 obrebi
1185 2762 1238 2816 sed

216 2833 355 2904 quidquid
373 2831 597 2890 ccrrfflacamu
666 2833 931 2916 ‘l'oompositionem
985 2840 1136 2889 8numcro
1156 2831 1239 2887 insti·
1307 2893 1308 2902 ἵ

686 2917 711 2945 ln

215 2960 302 3013 tuere.
354 2957 437 3012 9sub
455 2957 563 3013 ratione
635 2955 805 3028 praecipitia
860 2962 893 3012 10
907 2955 1130 3027 inceptationem
1147 2959 1239 3012 meta·
1307 2949 1308 3008 4

216 3027 317 3084 tionib.
338 3027 485 3084 scribenda
504 3045 572 3086 corr.
592 3026 646 3083 seu
735 3029 881 3082 auctorum
898 3027 973 3082 hunc
991 3045 1061 3084 corr.
1080 3027 1158 3084 Zetes
1175 3031 1240 3086 cide
1306 3045 1308 3100 1

217 3100 315 3171 Laupc
324 3105 404 3169 p.92
418 3099 484 3156 uda.
540 3104 573 3154 13
584 3098 747 3168 suaspeciae
760 3098 890 3155 correct
944 3104 978 3154 14
992 3097 1202 3154 osostendimus

219 3177 252 3227 15
266 3185 396 3225 numeros
414 3169 578 3225 tammutari
592 3187 660 3226 corr.
675 3169 735 3226 sca.
774 3177 808 3225 16
821 3168 1003 3225 inretentura.
1036 3169 1067 3224 in
1080 3177 1144 3226 autc
1158 3187 1239 3241 prae-

216 3244 330 3297 tentura
343 3240 437 3309 orari,
451 3241 562 3296 addidit
575 3240 629 3297 scu
666 3247 699 3297 11
714 3239 856 3310 aequitate
916 3243 1049 3312 cogentes
1106 3247 1138 3297 18
1148 3245 1239 3298 meta
1306 3299 1307 3304 ,

217 3315 294 3367 tores
313 3310 462 3382 inperitiae
527 3318 560 3368 19
575 3311 719 3382 aequitate
791 3311 945 3366 exercitum
964 3311 1077 3367 omnino
1096 3311 1204 3368 fuerint

218 3390 254 3439 20
268 3383 378 3437 unimus
397 3382 530 3439 carrocia
584 3390 618 3439 21
633 3381 803 3453 quaestori
834 3381 1010 3452 aequitatum
1064 3389 1098 3439 22
1113 3399 1130 3437 a
1148 3384 1240 3455 legio·

218 3469 268 3508 nes
287 3455 364 3507 astas
437 3451 523 3510 divisi
541 3454 611 3510 duos
630 3455 737 3512 cord
808 3459 843 3509 23
863 3453 1014 3524 experitis
1039 3454 1238 3525 conpositione
1305 3503 1306 3524 1

218 3539 288 3584 corr.
304 3523 358 3582 Set
429 3531 465 3580 24
482 3525 645 3582 maetodum
662 3524 870 3582 moetationes·
920 3524 1093 3595 exquisitum
1305 3531 1306 3600 4
