2646 4136
385 1122 766 1198 PRAEFATIO.

157 1437 301 1502 Libellus
320 1439 432 1502 noster
450 1440 501 1500 ter
519 1436 624 1501 editus
644 1439 702 1520 est,
723 1438 865 1520 primum
885 1459 905 1501 a
924 1435 1083 1504 Scriverio

69 1525 154 1590 1607
180 1527 294 1608 (repet
319 1522 434 1609 1621),
461 1523 575 1588 deinde
593 1546 619 1588 ·a
641 1523 770 1590 Schelio
796 1525 883 1590 1660
911 1522 1026 1610 (repet.
1049 1528 1084 1591 in

67 1611 200 1678 Graevii
224 1611 392 1677 Thesauro
415 1611 478 1678 vol.
500 1609 531 1674 X
554 1634 585 1696 p.
604 1610 670 1676 999
685 1611 796 1696 seqq),
820 1613 875 1696 qui
898 1613 1021 1696 optime
1044 1615 1084 1679 de

67 1722 105 1766 eo
128 1700 266 1765 meritus
290 1703 350 1783 est,
376 1702 542 1783 postremo
566 1721 586 1763 a
607 1697 733 1784 Langio
758 1701 854 1783 1848,
881 1701 937 1785 qui
960 1702 1084 1786 etipse

66 1790 207 1854 multum
231 1810 348 1872 operae
370 1788 405 1852 in
428 1787 576 1852 libellum
600 1786 748 1852 eontulit.
791 1785 854 1852 Sed
878 1785 1028 1853 Scriverii
1052 1793 1085 1854 et

67 1875 188 1942 Schelii
211 1879 320 1942 aetate
347 1897 399 1942 ars
427 1873 554 1942 codices
581 1874 740 1960 dignitate
767 1875 961 1945 aestimandi
989 1880 1022 1942 et
1048 1879 1084 1942 in

67 1965 188 2032 classes
220 1964 385 2050 digerendi
420 1963 563 2031 nondum
598 1967 679 2030 nota
710 1968 795 2047 erat,
830 1961 943 2049 Lange
973 1969 1082 2033 sutem

65 2053 153 2118 falsa
174 2053 353 2139 sagacitate
376 2053 549 2137 perductus
572 2051 683 2136 pravis
706 2052 900 2136 quibusdem
919 2053 1083 2120 codicibus

66 2140 163 2205 fidem
190 2141 373 2206 habendam
399 2163 471 2206 esse
500 2139 677 2208 contendit.
727 2137 881 2214 Servatus
914 2143 1000 2206 enim
1033 2148 1083 2208 est

6 2273 8 2278 ,
66 2227 120 2293 hic
138 2229 269 2294 libellus
287 2230 392 2295 tribus
410 2230 618 2313 potissimum
638 2228 804 2294 codicibus
817 2227 1083 2314 Guelferbytsnis

27 2391 32 2400 s
65 2316 153 2381 ΑΒ
183 2315 223 2401 O,
259 2339 339 2403 quos
366 2318 435 2382 fere
461 2317 533 2401 pari
559 2317 681 2383 honore
709 2316 825 2402 dignos
858 2317 1083 2386 iudicaverunt

65 2405 191 2488 priores
219 2405 369 2474 editores.
414 2405 538 2472 Tamen
560 2405 651 2472 solus
672 2404 704 2468 A
726 2405 747 2470 i.
764 2427 791 2470 e.
808 2404 1003 2472 Arcerisnus
1029 2409 1081 2489 [ex

65 2494 197 2560 nomine
221 2492 347 2559 Arcerii
379 2493 496 2579 prioris
523 2493 689 2561 cuiusdam
716 2494 929 2577 possessoris]
962 2497 1081 2580 respici

66 2581 170 2666 debet,
187 2582 217 2648 is
231 2583 317 2648 enim
335 2604 394 2666 pro
414 2582 504 2648 fonte
523 2586 556 2647 et
570 2581 697 2665 origine
712 2581 850 2648 aliorum
865 2583 1012 2649 codicum
1025 2585 1081 2652 ha-

65 2669 189 2735 bendus
208 2673 267 2754 est,
285 2670 319 2734 id
333 2670 419 2754 quod
437 2670 540 2737 frater
557 2669 775 2736 meusAlbert
785 2668 912 2736 Gemoll
927 2670 1079 2756 (Hermes

65 2757 173 2823 volX
196 2779 226 2841 p.
241 2757 307 2824 244
317 2757 417 2843 seqq.)
436 2780 475 2823 ex
497 2759 656 2824 varietate
679 2758 855 2824 lectionum
878 2761 984 2826 textui
997 2759 1079 2826 Len-

66 2846 164 2931 giano
179 2846 325 2912 subiecta
337 2847 499 2930 probavit.
523 2845 616 2922 Quod
629 2846 758 2912 facilius
774 2868 850 2912 sane
859 2847 1080 2933 fuitprobare‚

66 2934 93 2997 si
112 2934 142 2998 ei
160 2934 286 3002 codices
305 2936 395 3019 ipsos
409 2935 498 3002 adire
513 2936 668 3019 licuisset,
685 2957 763 3000 nam
776 2933 888 3020 Lange
901 2933 1079 3004 identidem

65 3023 186 3087 erravit
198 3044 257 3088 nec
270 3045 403 3107 prorsus
417 3024 547 3090 veredo
561 3024 627 3088 illis
639 3022 804 3088 codicibus
816 3021 1078 3109 Guelferbytanis

65 3109 209 3176 tradidit.
242 3110 335 3188 Quod
357 3110 488 3197 quidem
510 3112 652 3197 pertinet
670 3110 710 3176 sd
728 3109 757 3174 B
776 3113 810 3176 et
827 3110 867 3196 Ag
885 3112 991 3178 minus
1009 3115 1078 3179 eius

64 3198 188 3263 incuria
220 3200 397 3283 vituperari
428 3204 551 3285 potest,
583 3198 743 3266 nonnulla
771 3221 803 3301 a·
818 3220 870 3264 me
900 3222 938 3264 ex
964 3203 995 3266 A
1025 3200 1077 3266 de-

63 3289 273 3440 {stlat
290 3288 1077 3463 Ξῇἳῗὲἓῗῗῗέἒᾈῗῗέἓῖθ9939009ῗέῃὲ

63 3462 216 3528 instituta
248 3485 364 3529 manca
392 3469 426 3530 et
455 3487 601 3531 errorum
632 3464 730 3548 plena
761 3467 821 3529 est.
870 3463 1077 3532 Enumerabo

63 3551 128 3616 iam
150 3550 212 3618 hos
236 3573 377 3636 errores,
398 3575 464 3619 non
487 3553 573 3638 quod
597 3552 636 3618 ad
658 3572 728 3618 rem
750 3551 851 3618 faciat
874 3574 928 3620 eos
950 3572 1076 3620 enume-

879 3656 916 3711 1*
