2646 4136
113 329 114 332 a
222 261 265 328 36
639 261 772 318 menn

311 424 364 490 51.
397 421 527 491 Oervcli
557 426 665 492 trunci
695 426 827 494 ramosi.
876 424 930 491 Ad
961 426 1022 492 hos
1053 427 1248 514 decurritur,

223 513 251 578 si
274 513 338 580 soli
359 516 479 580 natura
500 514 603 580 nimia
624 514 798 580 teneritate
818 535 930 598 cespes
953 515 1117 602 frangitur
1138 539 1247 603 neque

222 600 332 684 lapide
358 601 473 670 mobili
499 603 564 671 nisi
591 603 823 690 confragosum
849 602 972 669 vallum
1000 606 1106 670 extimi
1132 610 1248 690 potest

221 712 282 756 nec
305 691 500 776 loscelini,
523 695 560 758 ut
582 713 650 760 non
672 693 763 776 ripae
787 691 948 758 decidant

312 779 1093 934 0¹

195 906 208 946 6
547 913 548 916 ,

222 919 369 1042 singulos
393 957 523 1024 ordines
546 957 678 1044 vigiliae
701 958 845 1024 erebrius
862 961 1041 1044 ponanm3
1065 921 1104 1025 ed
1117 895 1245 1046 equites

163 1071 166 1073 ·
223 1047 354 1112 alterna·
371 1047 442 1112 vice
465 1051 574 1113 castra
596 1047 731 1112 circuire
754 1047 882 1115 debent
924 1044 960 1112 si
982 1048 1017 1112 in
1038 1052 1167 1134 pacato,
1192 1072 1245 1115 so-

221 1134 386 1200 dummodo
410 1135 551 1201 tuendae
578 1135 772 1220 disciplinae
797 1157 897 1202 cansa
925 1159 1008 1202 unus
1032 1137 1112 1204 ordo
1136 1161 1244 1204 armo-

182 1241 209 1282 10
222 1245 296 1288 rum
320 1222 455 1307 sufficit,
478 1227 512 1288 et
533 1223 666 1308 vigiliae
688 1224 793 1290 rarius
817 1225 1068 1292 constituuntur.

311 1311 365 1377 53.
386 1310 572 1398 Aggeribus
596 1315 705 1380 autem
728 1313 776 1380 ita
797 1313 836 1378 fit
859 1313 995 1398 vallum,
1024 1314 1051 1378 si
1074 1313 1164 1381 locus
1188 1337 1244 1399 pe·

221 1401 331 1466 troaus
362 1404 419 1465 aut
446 1422 601 1466 arenosus
628 1401 740 1487 fuerit,
776 1402 863 1488 quod
893 1402 962 1468 sine
990 1402 1088 1469 dubio
1121 1423 1243 1490 aggere

221 1486 309 1554 facto
334 1489 549 1556 munitionem
572 1491 689 1557 castris
711 1491 854 1575 praebet

311 1571 545 1664 bd'Angulos
581 1582 764 1646 castrorum
800 1580 950 1646 circinari
982 1582 1128 1664 oportet,
1165 1579 1243 1665 quia

181 1682 208 1724 15
222 1687 319 1732 coxas
352 1666 500 1733 efficiunt
525 1668 798 1754 instabiliuntque
829 1691 912 1753 opus
943 1668 1243 1754 propugnationem

124 1758 375 1841 136b2tnlanles.
422 1753 582 1823 Circinari
606 1758 611 1842 Ι
637 1757 801 1824 debebunt
828 1779 867 1822 ex
897 1757 1026 1844 angulis
1050 1757 1243 1842 cohortium,

220 1867 303 1931 quac
336 1843 481 1912 efficiunt
512 1845 721 1912 latitudinem
749 1846 857 1931 operis
888 1846 1009 1931 pedum
1035 1845 1107 1931 LX,
1139 1867 1242 1930 usque

221 1955 284 2019 quo
311 1935 415 2000 lineas
447 1936 621 2002 exteriores
654 1933 952 2020 comprehenderis,
983 1957 1067 2020 quae
1097 1933 1243 2000 efficiunt

220 2027 350 2107 partem
364 2027 522 2107 quartam.
568 2023 621 2089 55.
644 2022 802 2090 Similiter
824 2024 983 2091 clavicula
1005 2024 1181 2090 circinatur
1203 2045 1244 2088 ex

180 2129 208 2170 so
221 2111 309 2178 linea
330 2112 484 2178 interiore
506 2112 598 2194 valli,
630 2115 753 2195 puncto
776 2113 900 2180 mediae
922 2115 1050 2199 portae,
1087 2112 1243 2196 adaperto

221 2199 341 2266 circino
374 2200 415 2264 ad
446 2200 611 2269 cardinem
642 2203 766 2284 portae.
820 2200 871 2266 Ex
902 2223 941 2266 eo
973 2201 1079 2268 medio
1110 2203 1243 2287 praeter

221 2287 311 2353 viam
334 2289 507 2357 circinabis
527 2290 563 2355 in
582 2290 717 2356 eandem
735 2290 866 2374 lineam,
884 2312 965 2375 quae
984 2293 1095 2356 centro
1114 2289 1242 2355 serviet.

219 2375 318 2462 Item,
349 2381 470 2462 puncto
504 2381 670 2463 manente,
705 2377 824 2445 adicies
855 2378 1064 2444 latitudinem
1096 2377 1176 2443 valli
1209 2380 1243 2443 et

220 2464 339 2531 iterum
362 2466 534 2534 circinabis
557 2469 593 2532 in
617 2466 752 2532 eandem
771 2468 898 2552 lineam,
920 2470 959 2532 ut
976 2467 1138 2532 intrantes
1161 2488 1242 2531 sem·

222 2658 688 2746 1cervoervolitrunciramcssi.
762 2657 954 2730 nfragoritur.
1009 2656 1166 2730 3lapidem
1182 2673 1242 2712 mo·

221 2765 308 2822 bilem
326 2735 468 2824 corr-'Sola
539 2765 685 2836 copiosum
707 2765 816 2821 ballum
887 2763 985 2834 4ripe
1055 2762 1241 2820 cordicibus

221 2839 376 2892 castrorum
393 2836 448 2890 1111
467 2837 571 2905 castra,
596 2839 750 2893 castrorum
768 2838 847 2893 eiecit
864 2836 919 2893 Scb
1006 2841 1021 2890 'l
1041 2835 1168 2904 aequites

822 2939 839 2967 u
1023 2941 1025 2946 .

220 2979 361 3034 emendo
448 2984 482 3034 10
499 2977 624 3049 vigilaae
710 2978 899 3035 constituntur
985 2983 1018 3032 11
1037 2977 1148 3032 balloct
1169 2990 1239 3034 corr.

220 3049 283 3106 cea.
357 3055 390 3104 12
410 3048 508 3119 aggeri
591 3055 626 3104 14
644 3049 763 3120 angulus
850 3055 883 3104 15
901 3047 1196 3120 instabiliuntquae¹

240 3119 477 3190 repugnationem
499 3119 595 3174 tutent
672 3125 705 3176 16
725 3137 759 3174 ex
777 3120 895 3190 angulos
969 3123 1004 3175 1‘1
1023 3135 1122 3202 quaeq.
1141 3118 1243 3174 latitu-

244 3189 302 3245 'nes
321 3190 413 3262 operis
470 3197 511 3248 18·
522 3190 599 3246 linea
616 3190 768 3246 exteriores
788 3190 1051 3262 compraehenderit
1116 3195 1156 3245 19
1174 3205 1241 3262 pars

222 3331 321 3400 quarta
339 3346 407 3387 corr.
423 3330 478 3388 55
549 3340 584 3389 ec
602 3334 674 3389 bam
744 3332 841 3387 iuncto
861 3335 939 3404 (eme.
959 3333 1024 3404 55)
1043 3331 1153 3387 merae
1172 3292 1240 3403 pla

219 3401 380 3460 coradcrio
453 3410 487 3459 21
506 3406 587 3475 porte
661 3421 695 3460 ea
712 3400 814 3472 media,
834 3419 884 3460 cm.
900 3419 935 3458 ex
952 3410 1015 3462 acte
1034 3420 1068 3459 ea
1123 3407 1157 3458 22
1176 3401 1241 3458 viae

258 3549 292 3600 23
311 3542 411 3614 punito
432 3544 560 3601 manenti
631 3494 728 3600 edbald
