2646 4136
205 287 247 352 12
602 281 820 338 susurrum.

204 448 318 533 quinta
340 446 461 531 peditis
490 450 523 511 et
550 445 613 512 duo
638 445 736 512 semis
760 444 886 529 equitis.
931 443 1016 509 Item
1039 445 1108 510 iure
1131 467 1158 511 c.
1176 446 1228 512 26

204 537 344 620 scriptor
375 536 462 600 inter
493 555 527 599 se
557 534 759 620 comparavit
790 532 907 617 pedem
939 533 1059 618 peditis
1092 537 1126 599 et
1156 535 1226 600 duo

204 625 301 690 semis
329 623 463 707 equitis,
492 645 570 688 nam
596 645 681 688 nunc
708 622 747 686 de
774 621 957 709 redigendis
986 623 1151 706 equitibus
1179 624 1224 688 ad

201 713 329 797 pedites
347 713 466 798 agitur,
484 714 517 776 et
530 712 698 797 proportio
712 711 798 775 inter
811 732 867 776 eos
882 714 933 776 eat
954 711 1046 795 1:1³,
1060 749 1103 760 -
1118 713 1180 796 23:
1190 713 1223 780 3.

203 799 239 866 Ο.
257 801 301 866 25
323 801 425 886 igitur
447 801 555 884 portio
578 800 713 884 peditis,
729 799 846 884 qualis
868 821 904 864 re
926 821 1004 864 vera
1028 804 1091 886 est,
1122 801 1222 868 nobis

202 891 243 955 ab
266 889 377 956 oculos
399 889 541 974 ponitur,
563 909 589 952 a
602 889 647 953 26
661 888 768 972 qualis
787 887 961 971 aptissima
974 891 1024 952 est
1037 888 1072 954 in
1087 911 1220 974 compu-

201 979 327 1044 tatione
345 979 499 1062 equitum.
528 976 599 1041 Iam
618 976 771 1060 suspicer,
790 975 933 1060 aliquem
950 975 1039 1042 hanc.
1054 977 1220 1061 duplicem

201 1067 455 1150 proportionem,
478 1065 630 1148 quoniam
651 1084 719 1129 nou
736 1064 960 1149 intellexisset,
982 1065 1017 1130 in
1034 1064 1221 1149 simplicem

201 1155 379 1220 mutavisse
397 1153 562 1218 adnotatis
581 1153 700 1236 verbis,
713 1153 797 1218 uude
812 1152 978 1218 exordium
991 1152 1137 1239 fecimus,
1153 1153 1221 1220 ‘an-

200 1243 286 1308 iecta
309 1239 444 1326 quinta'.
486 1239 548 1306 Sed
570 1241 676 1306 textui
697 1241 764 1324 ipsi
785 1262 918 1306 manum
942 1241 1114 1307 admovere
1137 1263 1220 1308 uon-

202 1331 278 1396 dum
293 1329 448 1411 sustinui,
462 1329 543 1395 satis
556 1328 671 1413 habui,
689 1329 806 1414 quibus
821 1329 1008 1414 offendarer,
1023 1331 1220 1413 exposuisse.

290 1440 316 1484 c.
334 1418 388 1483 27.
423 1417 528 1483 Habet
553 1419 655 1496 suque
681 1417 786 1486 cotors
817 1419 954 1500 equitata
981 1419 1124 1484 miliaria
1150 1439 1220 1485 eea-

85 1545 87 1549 *
202 1507 303 1572 ruas
325 1505 363 1570 X
376 1507 527 1591 peditam,
549 1507 684 1588 mitum
705 1505 821 1573 CCXL
842 1511 963 1572 turaias
984 1505 1035 1588 X]
1064 1505 1095 1570 A
1118 1507 1220 1574 habet

200 1596 334 1676 aequius
359 1595 424 1678 ped
445 1593 562 1661 CCXL
589 1599 709 1660 armas
833 1592 880 1660 Ut
910 1595 1059 1662 ultimam
1082 1595 1220 1660 eiciendi

199 1684 535 1784 rationcmnvitarem,
561 1683 751 1768 transposui
771 1684 842 1767 ped
864 1685 1021 1766 equitum
1045 1687 1079 1748 et
1102 1684 1220 1768 geniti·

200 1793 260 1837 vos
282 1793 404 1926 pdlollls
426 1861 562 1942 quitata
583 1861 789 1942 quingenario
810 1859 899 1924 tabet
915 1859 1070 1926 murtae
1084 1859 1137 1926 VI
1136 1910 1146 1944 ,
1167 1881 1218 1926 re-

201 1949 285 2027 liqua
300 1969 362 2030 pro
378 1954 472 2030 aare
488 1949 634 2028 dimidia]
657 1946 769 2031 Lange
787 1947 926 2014 inseruit
943 1951 1020 2032 post
1039 1946 1216 2014 ‘centurias

68 2101 74 2105 .
152 2097 156 2100 .
202 2035 267 2102 VI'
292 2041 411 2101 turmas
430 2035 483 2100 VI
484 2086 493 2119 ,
521 2035 576 2100 sed
599 2035 676 2119 quid
699 2038 770 2100 tum
793 2036 857 2100 sibi
880 2037 950 2100 vult
973 2034 1136 2101 adiectum
1159 2035 1218 2102 ‘re-

199 2125 290 2208 liqua
311 2145 371 2207 pro
394 2125 488 2207 parte
511 2121 666 2188 dimidia'.
711 2121 859 2206 Accedit,
882 2123 980 2207 quod,
1004 2124 1033 2188 si
1054 2123 1218 2208 Langium

202 2211 381 2295 sequimur,
412 2211 621 2277 statuendum
653 2211 728 2295 erit,
759 2211 793 2274 iu
821 2215 931 2277 turma
958 2212 1030 2276 alae
1057 2213 1217 2280 miliarias

201 2298 321 2384 XXIV,
344 2301 379 2364 in
401 2303 511 2365 turma
533 2301 603 2365 alae
626 2299 856 2384 quingenariae
874 2298 936 2364 XX
960 2301 1085 2384 equites
1107 2300 1218 2368 fuisse.

291 2410 317 2453 e.
336 2389 378 2453 29
402 2388 584 2454 insurrexi
606 2389 817 2454 taratantara
833 2392 1004 2470 ponantur.
1040 2387 1151 2472 Lange
1169 2411 1217 2456 rc·

200 2476 301 2542 tinuit
322 2478 471 2558 posumus
502 2481 536 2542 et
567 2499 599 2560 p.
619 2477 682 2542 181
710 2475 801 2542 addit
828 2475 1036 2560 ‘quamquam
1066 2477 1217 2546 nationes

203 2565 406 2630 accusativus
430 2567 494 2648 est,
520 2565 673 2630 liberiore
695 2568 806 2630 tamen
829 2564 1047 2648 appositionis
1071 2568 1217 2633 constru-

201 2652 308 2718 ctione
339 2653 473 2720 nomina
507 2653 655 2736 gentium
686 2653 721 2718 in
752 2652 954 2718 nominativo
981 2653 1091 2736 posita
1118 2652 1216 2722 sunt’.

201 2740 289 2807 Num
312 2761 508 2825 quemquam
531 2741 666 2824 invenit,
688 2741 744 2824 qui
767 2741 797 2805 ei
820 2739 916 2806 fidem
940 2740 1079 2806 habuit?

290 2851 316 2894 c.
334 2830 387 2896 30.
417 2829 575 2896 auxiliati
597 2826 750 2910 OIODO]
778 2829 824 2897 ita
847 2827 891 2912 A,
920 2827 1034 2900 Schelc
1057 2832 1092 2894 et
1104 2827 1217 2915 Lange

202 2921 411 2984 correxerunt
433 2915 546 3001 cluo,
569 2915 746 2984 Salmasius
770 2914 966 3001 GIODOOG,
990 2917 1077 3000 quod
1094 2921 1217 2982 utrum·

147 3060 152 3071 .
201 3027 262 3090 que
285 3005 404 3072 falsum
429 3010 488 3072 est.
532 3005 644 3089 Lange
666 3029 696 3090 p.
717 3005 781 3071 182
808 3003 904 3070 docet
930 3003 1088 3071 ‘videmus
1115 3005 1216 3090 igitur

200 3094 237 3159 iu
263 3093 405 3162 exercitu
432 3093 558 3180 Hygini
590 3094 728 3180 singulis
755 3092 941 3179 legionibus
969 3091 1000 3158 D
1029 3093 1215 3160 vexillarios

201 3181 330 3248 additos
354 3181 445 3249 esse’.
477 3181 542 3250 Sed
559 3182 643 3248 unde
662 3182 850 3248 videamus?
879 3180 1033 3268 Hyginus
1055 3203 1216 3266 nusquam

201 3271 241 3336 de
263 3291 397 3338 numero
425 3271 669 3338 vexillariorum
695 3271 832 3356 legionis
858 3269 1017 3354 loquitur,
1042 3269 1108 3336 nisi
1129 3269 1215 3354 quod

201 3359 267 3426 ab
290 3359 334 3426 in.
357 3381 413 3426 eos
437 3359 477 3426 ad
507 3364 715 3426 sexcentenus
742 3358 890 3427 homines
918 3358 1100 3443 computari
1127 3358 1215 3426 dicit.
1319 3395 1320 3398 π

131 3450 142 3466 ’
201 3449 266 3513 ul
291 3452 523 3532 comparantur
549 3449 634 3517 inter
663 3469 698 3512 se
720 3447 895 3532 vexillarii,
926 3447 1042 3512 cohors
1068 3447 1215 3531 peditatu

202 3535 429 3622 quingenariae,
459 3537 574 3606 cohors
597 3536 777 3622 legionaris
804 3539 838 3602 et
860 3539 995 3622 apparet
1022 3557 1061 3600 ex
1084 3557 1121 3601 eo
1144 3535 1214 3602 loco
