2646 4136
110 238 114 248 ’
210 278 256 344 24
649 276 782 333 niuno

213 442 444 525 sinistriorem‚
476 447 560 524 q'nae
588 463 608 505 a
635 440 804 525 principiis
835 460 954 506 nomen
986 439 1127 525 obtinet,
1160 459 1236 506 esse

116 547 202 618 1291),
215 531 312 596 debet
338 529 509 596 latitudine
537 525 672 617 ealdem,
705 551 769 614 qua
792 549 872 612 opus
898 528 1018 612 pedum
1041 526 1112 611 IX,
1144 529 1237 613 quod

213 623 264 684 est
286 618 519 684 intervallum
543 621 576 682 et
598 617 744 704 legiones
768 620 802 681 et
824 617 896 682 ideo
915 616 1110 701 quibusdam
1131 618 1236 682 inter·

213 708 335 774 vellum
363 711 414 773 est
437 707 709 792 cognominatum.
754 704 838 770 Item
866 705 933 790 via,
965 727 1048 790 quae
1075 705 1164 770 ducit
1192 705 1237 771 ad

187 799 344 880 sportam
366 797 565 881 praetoriam
582 831 620 842 -
637 819 657 860 a
675 795 841 878 praetorio
865 793 935 873 sine
954 793 1053 860 dubio
1071 794 1124 859 via
1142 815 1238 879 prae·

212 886 301 950 toria
323 884 451 950 ducitur
473 921 516 932 —
539 884 712 949 latitudine
740 887 777 947 ut
801 904 899 967 supra
921 882 1039 966 pedum
1061 881 1132 962 Lx,
1158 905 1238 966 pro·

214 979 288 1059 pter
310 995 408 1057 quam
430 974 540 1057 rigore
562 976 712 1037 tonsurae
742 992 821 1036 suae
844 971 1027 1055 superiores
1050 971 1175 1056 strigae
1199 972 1238 1036 in

212 1063 371 1147 praetorii
394 1083 452 1127 ora
474 1082 541 1127 uon
563 1064 769 1145 percurrunt,
792 1061 946 1144 quoniam
970 1059 1011 1124 ad
1034 1060 1122 1125 viam
1139 1081 1238 1143 prae·

213 1150 334 1215 toriam
357 1150 453 1234 signa
475 1153 621 1233 spectare
645 1149 818 1213 debebunt

175 1258 202 1298 ro
306 1238 356 1304 15.
378 1237 539 1302 Dabimus
560 1238 672 1322 itaque
694 1237 783 1302 intra
804 1236 891 1302 viem
909 1237 1127 1321 principalem
1145 1236 1237 1322 lega-

214 1327 258 1392 tis
277 1326 482 1410 pedaturam,
505 1325 592 1410 quod
610 1347 777 1390 scamnum
788 1329 843 1390 est
855 1325 1055 1409 appellatum
1068 1346 1128 1390 nec
1147 1346 1235 1390 com-

215 1415 323 1480 munis
346 1415 523 1500 strigamm
546 1415 756 1480 dictationem
774 1413 963 1479 metationis
981 1412 1083 1479 habet
1100 1415 1236 1497 propter

117 1524 201 1591 180al
214 1503 382 1589 legionum
401 1502 407 1587 Ι
426 1524 597 1569 numerum
613 1503 785 1581 incertum,
808 1501 896 1587 quod
914 1523 1042 1584 semper
1060 1501 1236 1567 IatItudine

217 1615 237 1658 a
260 1591 395 1676 pedibus
419 1591 446 1656 L
469 1590 510 1658 ad
533 1591 653 1657 LXXX
681 1591 848 1657 observari
877 1590 1021 1673 debebit,
1053 1593 1151 1674 prout
1176 1611 1235 1655 nu·

176 1700 324 1746 renierus
352 1681 519 1766 legionum
548 1680 697 1746 effecerit
741 1680 782 1745 In
808 1700 872 1763 quo
901 1679 1026 1744 tribuni
1049 1678 1236 1744 cohortium

214 1770 452 1854 praetoriarum
475 1769 606 1835 tendere
630 1769 748 1834 solent
787 1766 946 1833 Similiter
967 1767 1109 1832 tribunis
1133 1767 1236 1851 legio-

215 1881 294 1924 num
321 1859 457 1924 inferius
486 1858 650 1943 adsignari
678 1857 787 1940 debet,
819 1855 906 1941 quod
936 1877 1038 1939 aeque
1065 1877 1236 1920 scamnum

217 1947 350 2030 dicitur3
374 1970 393 2012 a
417 1967 480 2030 quo
504 1946 558 2011 via
580 1946 776 2030 interposIta
799 1945 870 2010 alae
892 1944 1052 2009 miliariae
1071 1944 1123 2008 vel
1141 1944 1236 2027 quin-

217 2034 368 2120 genariae
392 2038 426 2099 et
447 2034 612 2118 deinceps,
639 2037 736 2117 prout
764 2033 900 2118 quisque
927 2031 1060 2098 tendere
1087 2032 1235 2116 debebit3

175 2142 203 2182 ro
216 2124 251 2187 in
273 2121 380 2188 forma
403 2122 609 2188 subiecimus.

308 2211 359 2277 16.
391 2209 500 2295 Nunc,
528 2215 565 2276 ut
588 2232 646 2276 sno
670 2210 810 2275 referam
833 2209 920 2293 loco,
948 2209 989 2275 ad
1017 2208 1105 2276 alam
1129 2209 1237 2274 milia·

215 2300 308 2365 riam.
341 2299 480 2366 Turmas
499 2300 600 2366 habet
614 2297 757 2383 XXIIII,
779 2299 816 2363 in
838 2299 885 2364 eis
909 2299 1108 2383 decuriones,
1131 2297 1237 2381 dupli·

217 2389 311 2473 carii,
335 2389 586 2474 sesquiplicarii:
614 2388 714 2474 idem,
742 2388 798 2472 qui
821 2391 855 2452 et
877 2408 1031 2452 numerus
1053 2391 1237 2453 turmarum

121 2480 275 2566 1aoo,est
310 2476 416 2543 Alunt
439 2499 540 2563 equos
564 2478 685 2563 singuli
704 2476 892 2542 decuriones
910 2473 1040 2563 terinos,
1062 2474 1238 2559 duplicarii

176 2584 203 2626 ss
217 2568 250 2629 et
273 2566 510 2650 sesquiplioarii
537 2566 642 2632 binos.
688 2563 742 2630 Sic
765 2587 862 2649 super
884 2586 1054 2630 numerum
1078 2584 1235 2648 equorum

218 2774 390 2900 iprincipes
409 2790 478 2831 corr.
489 2773 543 2829 Sole
614 2774 677 2845 opti
695 2774 802 2830 corula
863 2780 878 2830 2
894 2772 1063 2829 alatitudine
1082 2771 1200 2828 eandem

217 2853 233 2901 3
268 2846 316 2900 alsi
369 2844 551 2900 interballum
570 2847 614 2899 est
632 2845 846 2914 cognominatus
901 2845 980 2900 4via
1033 2843 1237 2915 opraeturiam

252 2917 283 2971 iu
299 2915 443 2987 praetorio
462 2931 530 2972 corr.
541 2914 595 2971 Set
659 2915 841 2971 tlatitudine
904 2915 1012 2985 'lquod
1029 2915 1152 2986 rigorem
1171 2932 1236 2971 cen·

218 3003 281 3042 sure
299 3005 367 3042 corr.
387 2987 541 3059 Raperea'aa
558 2992 584 3042 ct
602 2986 657 3042 sva
737 2985 888 3056 superioris
907 2986 1004 3057 strigis
1022 3003 1091 3042 corr.
1110 2986 1164 3042 su

218 3063 234 3112 8
252 3057 440 3127 praetoriinra
457 3075 525 3114 corr.
537 3057 592 3114 so
656 3063 689 3113 12
708 3056 909 3112 indicationem
927 3058 1115 3113 moetatn'ones
1132 3057 1237 3113 habere

217 3127 351 3185 comitet
405 3134 438 3182 13
473 3130 569 3199 ropter
582 3131 630 3202 77
649 3129 782 3186 corcdot
835 3127 912 3196 quod
929 3144 986 3183 non
1005 3144 1115 3198 semper
1128 3129 1236 3184 corr.L

256 3204 289 3254 14
302 3197 345 3253 lat
362 3199 408 3254 Lx
481 3216 550 3255 corr.
565 3200 719 3256 Scriverius
736 3202 769 3254 io
781 3216 843 3254 mor
861 3199 943 3256 iocA
998 3204 1032 3255 15
1046 3198 1201 3254 lectionum

218 3270 333 3327 tribuno
361 3309 372 3319 .
399 3275 432 3326 16
446 3270 553 3326 tribuni
571 3271 716 3341 legionum
771 3277 805 3326 18
820 3217 892 3325 uliae
911 3269 1049 3324 miliarias
1105 3269 1236 3339 &uariae

219 3359 288 3398 corr.
303 3340 382 3398 Sorte
455 3348 489 3396 19
504 3342 566 3411 quis
585 3342 701 3398 tendere
766 3347 800 3395 21
815 3340 902 3394 aliam
973 3346 1008 3396 22
1022 3343 1128 3396 tormas
1183 3341 1238 3395 eis·
1311 3365 1312 3368 ¹

220 3413 284 3468 dem
303 3411 430 3466 curiones
493 3420 527 3469 23
543 3413 693 3484 sexplicari
711 3429 780 3468 corr.
791 3410 875 3468 Salsa.
946 3412 1102 3466 turmarum
1121 3410 1239 3466 stabunt
1311 3465 1312 3470 ,

220 3500 289 3539 corr.
300 3483 327 3537 L
399 3489 434 3539 21
452 3484 483 3538 et
500 3500 570 3554 quos
625 3482 765 3554 duplicari
784 3483 814 3536 et
832 3482 1048 3553 sesquinplicari
1066 3481 1147 3537 vinos
1166 3498 1237 3539 corr.

219 3554 304 3611 Solm.
376 3560 411 3610 26
430 3570 583 3625 aequorum
